2646 3884
149 148 185 202 38
613 163 705 203 raum

221 307 339 363 Notizie
363 308 391 361 d.
410 309 495 362 scavi
514 308 584 363 1888
603 325 631 378 p.
648 308 700 363 531
725 309 765 362 ad
791 314 933 379 ectypum
957 326 1026 365 eum
1045 313 1167 382 supple·

150 380 259 433 mentis
272 378 425 434 Barnabei
443 385 473 434 et
486 379 658 446 BormannI,
679 381 745 450 eph.
759 381 856 450 epigr.
869 380 940 434 VIII
951 382 996 447 lt,
1010 383 1060 437 191

150 449 229 503 Alba
247 450 381 504 Fucente
481 453 668 521 praescripta
688 452 811 505 nomina
830 450 945 506 ...licius
961 454 995 506 L.
1009 455 1028 508 l.
1041 451 1167 508 Pailon-

151 536 250 589 senus,
271 524 330 579 ...a
350 523 377 575 et
390 522 431 575 M.
445 522 463 576 l.
472 521 671 589 Philocteteo,
692 521 795 577 ...letus
808 524 843 576 L.
857 525 929 580 etl).
948 524 966 578 l.
979 523 1166 593 Philocalus,

152 590 255 647 ...letus
273 594 309 646 L.
328 593 347 646 t.
367 591 567 662 Philadelpus

222 665 237 716 1
253 664 364 733 procul
382 667 463 719 metu
480 663 674 719 ulliusBarn.
689 666 789 719 exitus
801 665 880 719 idem
893 666 960 732 67‚4
1071 667 1088 720 2
1107 665 1166 737 qui

150 750 197 788 me
215 737 368 789 nouerant
386 735 475 789 Barn.
496 737 533 790 cf.
553 736 588 789 64
703 735 876 790 suestram
895 735 1017 792 deuemt
1038 739 1165 793 domum

151 805 273 861 Cassius
291 805 437 861 Varronis
455 807 473 860 l.
493 807 510 860 l.
529 806 585 860 VII
603 806 639 861 ‘12

636 968 678 1032 73

149 1092 276 1177 Hospes
299 1091 412 1158 resiste
436 1098 468 1157 et
491 1112 573 1174 quae
596 1112 666 1158 sum
692 1092 725 1157 in
747 1100 951 1159 monumento
974 1093 1058 1177 lege.
1134 1090 1135 1095 ’

150 1198 257 1263 Verna
280 1198 393 1264 Rutila
416 1199 470 1265 hic
493 1220 562 1265 sum
585 1200 658 1266 sita.
688 1201 814 1265 luentia
837 1201 950 1265 Hilara

149 1307 414 1386 monume(n)tum
436 1306 514 1372 fecit
536 1307 632 1371 matri
654 1313 687 1371 et
710 1307 772 1372 sibi
795 1311 828 1372 ct
851 1307 931 1372 uiro.

257 1411 295 1476 L.
319 1411 452 1477 Albelus
474 1412 614 1477 Hilarus.

222 1586 294 1643 CIL.
313 1587 356 1641 IX
376 1587 445 1643 1527
465 1588 623 1657 descripsit
641 1588 764 1643 Drcssel
892 1604 988 1658 prope
1008 1587 1168 1642 Beneuen·

150 1663 223 1713 turn.
251 1659 359 1713 litteris
380 1661 512 1728 antiquis

221 1730 239 1783 2
257 1728 306 1784 hic
324 1746 393 1785 sum
411 1728 477 1784 sito
492 1731 627 1784 clausula
646 1732 765 1797 senarii,
784 1731 802 1784 3
823 1732 1051 1785 monumentum
1069 1729 1167 1785 matri

148 1799 223 1869 fecit
241 1803 269 1855 et
286 1799 347 1855 stoi
365 1803 393 1854 et
411 1799 481 1856 uiro
501 1803 565 1856 sine
584 1817 684 1856 nacuo
704 1804 843 1857 senarius
863 1802 961 1872 qualis
980 1803 995 1854 1
1017 1808 1062 1855 est

634 1983 677 2046 74

148 2107 275 2191 Hospes
297 2106 408 2171 resiste
432 2111 465 2170 et
488 2105 549 2171 hoc
572 2106 614 2170 ad
637 2126 783 2190 grumum
806 2106 850 2172 ad
872 2107 998 2172 laeuam
1021 2106 1141 2190 aspice,

148 2212 222 2278 ubei
247 2214 449 2279 continentur
472 2234 545 2279 ossa
568 2213 705 2279 hominis
727 2214 804 2279 boni
824 2211 1039 2278 misericordis
1056 2232 1166 2276 aman·

891 2321 933 2384 tis
955 2318 1116 2404 pauperis.

124 2447 227 2511 arogo
250 2434 293 2510 te,
317 2428 431 2510 uiator,
455 2434 658 2493 monumento
681 2427 757 2492 hnic
779 2427 825 2492 nil
847 2427 933 2492 male
956 2425 1082 2491 feceris.
1176 2512 1178 2517 .

148 2532 184 2599 Ο.
208 2532 345 2599 Ateilius
368 2534 498 2600 Serrani
522 2535 542 2598 l.
567 2533 721 2600 Euhodus
743 2532 984 2617 margaritarius
1005 2531 1046 2596 de
1069 2551 1167 2597 sacra

442 2640 496 2706 uia
519 2641 551 2705 in
575 2641 637 2707 hoo
660 2646 863 2707 monumento
887 2638 1035 2706 conditus
1058 2646 1115 2704 est.

442 2746 546 2811 uiator
569 2746 652 2812 nale.

220 2922 292 2979 CIL.
312 2923 326 2977 I
345 2923 415 2977 1027
434 2923 474 2977 VI
493 2923 571 2990 9545,
590 2923 695 2977 PLME
708 2923 820 2977 LXXX
829 2922 862 2990 B,
881 2922 1007 2976 Henzen
1028 2921 1077 2976 Or.
1091 2920 1166 2974 7244

264 2994 379 3049 Romae
401 3010 464 3064 rep.
484 2996 515 3048 ln
533 2996 586 3048 uia
604 2994 713 3064 Appia.
751 2995 897 3048 adhaeret
921 2995 1012 3047 etiam
1037 2992 1076 3045 de
1094 2993 1163 3045 iure

146 3067 335 3119 monumenti
354 3066 484 3119 formula
503 3067 738 3120 testamentaria.
770 3064 852 3118 Atilii
871 3064 994 3120 Serrani
1013 3079 1076 3117 non
1094 3078 1165 3132 per·

147 3137 298 3190 durarunt
320 3138 351 3189 in
375 3152 487 3191 aeuum
499 3136 671 3191 Caesarum.
695 3141 756 3190 tres
774 3152 813 3190 ex
827 3128 986 3190 ambitiosa
1004 3134 1164 3203 loquentia
1229 3148 1230 3151 ¹
1294 3122 1298 3129 ’

148 3207 265 3261 distorti
286 3213 380 3277 atque
397 3208 571 3277 interpolati
591 3215 661 3262 sunt
683 3208 802 3274 senarii,
824 3211 967 3276 quattuor
980 3205 1164 3259 Ritschelius

146 3278 283 3348 impleuit
302 3294 405 3347 opusc.
425 3279 466 3333 IV
485 3296 513 3348 p.
527 3279 580 3332 365

218 3350 268 3403 is.
288 3351 325 3402 ci.
345 3350 388 3404 63.
416 3352 535 3404 numeri
554 3355 670 3404 starent
689 3349 801 3418 scripto
821 3350 901 3402 hunc
920 3362 1064 3417 prumam

144 3420 163 3474 2
186 3421 217 3473 in
246 3421 409 3475 christiana
431 3422 628 3492 inscriptione
648 3420 697 3476 Or.
715 3420 787 3475 4657
810 3421 888 3474 inter
910 3420 970 3472 alia
989 3418 1159 3485 iamborum

143 3492 276 3546 frustula
295 3493 416 3562 integer
433 3493 546 3564 legitur
565 3494 703 3548 senarius
718 3492 842 3561 placato
856 3507 940 3561 puro
959 3490 1058 3555 corde,
1077 3504 1163 3543 anta·

142 3562 403 3633 impauperans
522 3566 708 3619 3conflatus
726 3564 849 3619 uidetur
868 3579 908 3618 ex
926 3561 1065 3617 formulis
1084 3576 1163 3631 repo
1224 3622 1226 3627 s
