2644 3884
572 201 760 241 HEXAMETRI

98 332 102 339 ⁵
153 370 239 433 quae
262 349 363 434 patris
387 354 419 414 et
442 348 486 413 fili
510 348 682 414 uirtutibus
705 348 827 432 inclyta
850 347 972 432 gaudet

153 462 352 538 auctoremq.
376 475 466 520 suum
489 455 643 538 genitoris
667 453 816 520 laudibus
840 461 967 537 aequat.

227 613 299 670 CIL.
313 614 354 668 VI
372 632 401 684 p.
414 615 443 670 X
461 632 489 668 n.
502 616 543 682 10,
562 614 650 668 Rossi
669 613 739 668 bull.
755 614 835 667 arch.
850 615 929 668 crist.
944 615 1014 669 1879
1030 632 1058 685 p.
1070 616 1122 670 164
1141 621 1171 671 et

154 688 246 739 iuscr.
266 687 365 740 christ.
385 687 469 741 Rom.
488 687 517 740 Il
537 703 565 757 p.
579 686 621 753 21,
636 685 671 739 10
690 690 720 740 et
739 701 768 754 p.
783 684 818 739 47

227 758 455 883 inscriptionem
475 773 646 827 anonymus
658 757 854 811 Einsidlensis
874 756 986 826 aliique
1006 772 1045 812 ex
1064 758 1171 826 apside

155 828 301 882 basilicae
342 868 348 881 .
361 829 443 883 Petri
458 829 626 883 Vaticanae
646 828 880 897 descripserunt,
900 827 1007 882 eadem
1025 830 1057 882 in
1069 828 1172 884 Numi-

153 900 206 952 dia
221 904 343 968 reperta
354 904 399 954 est
409 915 506 969 prope
515 899 667 954 Theueste
678 900 776 953 fracta
787 899 909 967 quidem
923 904 952 953 et
962 901 1101 954 mutilata
1115 900 1170 955 sed

151 975 190 1024 ut
206 971 308 1025 nobile
333 985 455 1025 carmen
478 973 509 1024 iu
533 972 583 1025 illa
608 970 736 1024 ecclesia
754 975 842 1024 sexto
862 972 984 1025 saeculo
1008 972 1171 1041 repetitum

154 1043 250 1096 inisse
270 1046 386 1096 constet
406 1041 478 1097 CIL.
489 1042 560 1097 VIII
575 1042 662 1096 10698
682 1042 746 1110 (ubi
766 1047 903 1096 extrema
923 1041 1072 1097 ..adibas
1090 1046 1170 1106 e...)

227 1113 242 1166 1
263 1113 349 1167 sedes
367 1129 439 1183 pars
459 1114 715 1182 apographorum.
750 1114 822 1166 haee
845 1113 955 1167 domus
974 1115 1019 1167 est
1036 1112 1109 1184 fidei
1128 1116 1172 1167 in·

154 1185 229 1253 cipit
248 1185 437 1254 epigramma
456 1185 548 1239 fontis
567 1183 651 1252 quod
669 1185 728 1237 fuit
745 1186 778 1237 iu
797 1184 923 1238 basilica
944 1182 973 1240 S.
993 1184 1080 1239 Pauli

632 1345 697 1411 316

275 1519 283 1535 .
392 1472 477 1536 arias
501 1470 646 1536 defendit
669 1470 702 1534 in
726 1477 818 1536 antro

275 1626 283 1641 .
391 1597 407 1642 s
431 1579 600 1643 conserbat
622 1578 655 1642 in
679 1577 767 1661 altlo.

228 1752 299 1807 CIL.
320 1753 391 1807 VIII
410 1753 480 1808 1654
590 1753 695 1809 Siccae
715 1754 865 1818 Veneriae
973 1756 1171 1809 christianum

154 1829 238 1894 puto,
258 1825 275 1877 2
294 1825 389 1879 deas?

631 1916 695 1979 317

153 2039 364 2121 Marti1·ib(us)
388 2039 508 2104 sanctis
530 2038 687 2124 promissa
711 2038 882 2104 Colonicus
905 2038 1013 2105 insons

151 2144 250 2211 soluit
273 2152 350 2211 uota
373 2166 432 2211 sua
454 2146 559 2210 laetus
582 2165 653 2210 cum
679 2145 814 2230 coniuge
838 2145 931 2211 Cara.

154 2251 208 2317 hio
231 2253 311 2317 situs
334 2259 384 2318 est
407 2253 524 2335 Iustus,
547 2253 603 2318 hic
626 2259 691 2335 atq.
716 2253 874 2318 Decurius
897 2273 970 2327 una,

155 2359 209 2440 qui
232 2360 313 2424 bene
338 2359 474 2425 confessi
497 2360 643 2424 uicerunt
666 2380 755 2424 arma
779 2359 929 2443 maligna,

127 2467 296 2551 spraemia
319 2467 458 2531 uictores
481 2466 578 2531 Cristi
601 2486 744 2531 1110111010
768 2485 928 2531 coronam.

227 2623 299 2679 CIL.
312 2625 383 2680 VIII
394 2625 473 2692 8631,
493 2625 580 2679 Rossi
598 2625 671 2679 buil.
691 2626 769 2678 crist.
789 2625 859 2679 1876
877 2626 938 2678 tab.
956 2625 973 2679 3
1074 2640 1170 2695 prope

155 2694 269 2751 Sitifim.
289 2702 438 2765 martyres
453 2697 508 2750 hos
519 2696 644 2750 Roscius
659 2697 729 2750 bull.
745 2695 814 2751 1875
828 2713 856 2765 p.
871 2696 921 2750 171
936 2696 976 2750 ad
987 2695 1169 2751 Diocletiani

155 2773 292 2837 tempora
311 2768 426 2822 rettulit
445 2768 556 2836 quibus
566 2766 673 2821 Florus
692 2769 723 2820 in
736 2767 878 2822 Numidia
899 2766 1085 2822 Christianos
1104 2783 1170 2837 per-

152 2844 278 2893 secutus
297 2843 343 2892 est
363 2837 502 2907 (Optatus
522 2839 638 2892 schism.
658 2838 769 2892 Donat.
788 2839 813 2905 3,
833 2839 860 2906 8)

228 2910 248 2962 1*
265 2907 424 2964 Colchicae
442 2911 572 2963 fortasse
591 2925 654 2963 non
666 2911 765 2979 magis
778 2926 870 2978 quam
886 2909 966 2965 Gara
977 2925 1089 2964 nomen
1102 2926 1170 2979 pro-

154 2981 263 3050 prium,
283 2981 341 3035 hoc
359 2986 394 3033 ut
413 2981 616 3050 suppresserit
634 2981 792 3035 mendicus
813 2980 921 3035 Christi

632 3142 697 3206 318

153 3266 288 3331 Munera
311 3286 393 3349 quae
418 3266 531 3348 cernis,
555 3286 618 3349 quo
642 3273 754 3331 sancta
778 3266 893 3330 altaria
916 3265 1051 3349 fulgent,

155 3371 205 3438 his
228 3379 404 3458 sumptusq.
429 3373 564 3457 llaborq.
586 3372 670 3438 inest
693 3371 846 3456 euralque
869 3373 1019 3458 Potlenti,

154 3480 313 3544 creditum
338 3479 411 3563 [sibi
434 3480 488 3563 qui
512 3478 646 3564 gauldet
669 3479 823 3564 perficere
845 3500 968 3545 munus.

153 3585 289 3670 martyr]
312 3586 366 3652 hic
390 3593 438 3652 est
462 3586 556 3653 Salsa
580 3586 704 3652 dulcior
726 3592 858 3651 nectare
881 3595 1017 3671 semper,
