2646 3884
152 144 189 198 38
616 160 708 200 muer

224 303 342 359 Notizie
366 304 394 358 d.
413 307 498 359 soavi
518 306 588 360 1888
605 322 635 376 p.
652 306 704 361 531
728 307 768 360 ad
794 312 936 377 ectypum
960 325 1029 364 eum
1048 313 1171 382 supple-

153 376 262 428 mentis
274 373 427 430 Baruabei
446 382 477 431 et
489 376 662 445 Burmanni,
682 379 749 448 eph.
763 381 859 449 epigr.
873 379 943 433 VIII
954 381 999 447 47,
1013 382 1064 436 191

153 444 232 500 Alba
250 446 384 501 lucente
484 451 672 519 praescripta
691 451 815 503 uomina
833 447 948 505 ...Heius
963 453 998 506 L.
1012 454 1031 506 l.
1045 451 1170 508 Philom-

153 531 253 584 senus,
273 520 333 576 ...0.
353 520 380 571 et
393 518 434 571 M.
448 520 467 572 l.
476 518 675 587 Philomelae,
695 518 798 575 ...letus
811 522 846 575 L.
860 524 887 575 et
896 524 932 578 0.
951 523 969 577 l.
983 522 1169 593 Philocrates,

155 586 258 642 ...letus
276 589 312 642 L.
331 589 350 642 l.
370 588 570 659 Philadelpus

225 660 240 712 1
256 661 367 729 procul
386 664 466 715 meta
483 660 578 716 ullius
587 661 677 716 Bam,
692 664 792 717 exItus
803 663 884 717 idem
896 664 963 731 sur
1074 666 1092 720 2
1110 665 1169 737 qui

152 745 200 784 me
218 734 371 785 nouerant
388 731 478 787 Barn.
499 734 536 786 cf,
555 733 590 786 64
705 733 723 788 3
741 736 879 789 nostram
898 735 1020 791 deuenit
1041 737 1168 793 domam

154 801 276 857 Cassius
294 802 440 857 Varronis
458 804 476 856 l.
495 805 513 857 l.
532 803 587 857 VII
606 804 642 858 72

638 966 680 1030 73

152 1087 278 1173 Hospes
301 1088 414 1154 resiste
438 1094 470 1154 et
493 1109 575 1172 quae
599 1109 668 1155 sum
694 1090 728 1155 in
749 1098 953 1158 monumento
976 1092 1060 1176 lege.

152 1194 260 1260 Vema
282 1195 396 1261 Rutila
417 1196 472 1261 hie
495 1216 564 1262 sum
587 1198 660 1262 sita.
690 1198 816 1263 luentia
838 1199 952 1264 Hilara

152 1304 416 1382 monume(n)tum
438 1302 515 1368 fecit
538 1304 633 1368 matri
656 1310 689 1369 et
712 1304 774 1370 sibi
797 1310 830 1371 et
852 1305 933 1371 uiro.

258 1407 297 1472 L.
321 1408 454 1474 Albelus
476 1409 616 1475 Hilarus.

223 1583 295 1640 CIL.
314 1584 358 1638 IX
377 1584 447 1641 1527
466 1585 624 1656 descripsit
642 1586 766 1642 Dressel
894 1603 990 1659 prope
1009 1587 1169 1643 Beneuen·

152 1659 224 1709 tum.
252 1655 360 1710 litteris
381 1658 513 1725 antiquis

223 1727 240 1779 2
258 1725 307 1781 hie
325 1742 395 1781 sum
412 1726 473 1782 sita
493 1728 628 1782 clausula
647 1731 767 1797 senarii,
786 1730 804 1784 3
824 1732 1052 1785 monumentum
1070 1729 1169 1786 matri

149 1795 224 1866 fecit
242 1799 270 1851 et
287 1796 348 1853 sibi
366 1800 394 1851 et
412 1797 482 1853 uiro
502 1801 566 1853 sine
585 1815 686 1855 naeuo
706 1802 844 1856 senarius
864 1802 962 1871 qualis
982 1803 996 1854 l
1018 1807 1064 1856 est

635 1981 678 2045 74

149 2102 275 2187 Hospes
298 2104 409 2169 resiste
433 2109 465 2168 et
488 2103 550 2169 hoe
573 2103 616 2169 ad
638 2125 783 2189 grumum
807 2106 849 2171 ad
872 2107 998 2171 laeuam
1022 2105 1142 2191 aspiras,

149 2209 223 2274 ubei
247 2210 450 2276 eontinentur
472 2231 546 2277 ossa
568 2211 705 2277 hominis
728 2212 804 2277 boni
825 2210 1040 2279 misericordis
1056 2233 1166 2277 aman·

892 2320 934 2385 tis
956 2319 1117 2404 pauperis.

124 2443 227 2507 erogo
251 2430 294 2506 te,
318 2425 432 2508 uiator,
455 2433 658 2491 monumento
681 2426 757 2492 huie
780 2426 825 2491 nil
848 2426 932 2491 male
956 2425 1082 2492 feeerIs.
1176 2513 1179 2518 .

148 2528 184 2596 0.
209 2530 345 2596 Ateilius
368 2531 498 2597 Serrani
522 2532 542 2596 l.
567 2531 721 2599 Euhodus
743 2532 985 2617 margaritarius
1006 2531 1047 2597 de
1069 2552 1167 2598 saera

442 2637 497 2703 uia
519 2639 551 2703 in
575 2639 637 2706 hoe
659 2645 863 2706 monumento
887 2639 1035 2706 conditus
1058 2647 1116 2705 est.

442 2744 546 2809 uiator
569 2744 652 2810 uale.

220 2918 292 2975 CIL.
312 2920 326 2973 I
346 2920 415 2975 1027
434 2920 474 2976 VI
492 2920 571 2988 9545,
590 2921 695 2976 PLME
708 2921 820 2976 LXXX
829 2921 861 2990 B,
880 2922 1007 2977 Henzen
1028 2922 1076 2977 Or.
1090 2921 1166 2976 7244

264 2990 379 3047 Romae
401 3008 463 3062 rep.
483 2993 515 3047 in
533 2994 586 3046 uia
604 2992 713 3063 Appia,
751 2994 897 3048 adhaeret
921 2996 1012 3048 etiam
1037 2994 1075 3047 de
1093 2994 1163 3047 iure

146 3063 334 3116 monumenti
353 3064 483 3117 formula
502 3066 738 3118 testamentaria.
769 3063 852 3118 Atilii
871 3064 994 3120 Serrani
1013 3079 1076 3119 non
1094 3080 1164 3134 per—

148 3132 297 3186 durarunt
319 3135 351 3187 in
376 3149 486 3189 aeuum
498 3134 671 3190 Caesarum.
694 3141 756 3191 tres
773 3151 812 3191 ex
826 3128 986 3190 ambitiosa
1004 3134 1162 3205 loquentia

147 3203 264 3258 distorti
286 3209 379 3274 atque
397 3206 571 3275 interpolati
590 3213 661 3261 sunt
682 3209 802 3275 senarii,
823 3212 968 3277 quattuor
979 3205 1164 3260 Ritschelius

145 3275 282 3344 impleuit
302 3291 404 3345 opusc.
424 3277 465 3331 IV
484 3294 513 3346 p.
526 3278 579 3331 365

218 3347 267 3400 ls.
286 3348 324 3399 el.
344 3348 387 3402 63.
415 3351 534 3403 numeri
554 3354 669 3403 starent
688 3348 801 3418 scripto
820 3349 901 3403 hatte
919 3363 1064 3418 prumam

144 3416 163 3470 2
185 3417 217 3469 in
245 3418 408 3473 christiana
430 3421 628 3490 inserIptione
647 3419 696 3474 Or.
714 3418 786 3474 4657
809 3421 888 3474 inter
910 3420 969 3473 alia
988 3419 1159 3486 iamborum

143 3488 275 3543 frustula
294 3491 415 3560 integer
432 3492 545 3562 legitur
564 3492 702 3547 senarius
717 3491 841 3560 placato
855 3506 939 3560 paro
958 3489 1057 3555 eorde,
1076 3504 1162 3543 amo·

141 3557 210 3614 traso
223 3575 401 3630 pauperum
521 3564 539 3617 3
558 3563 707 3618 conflatus
725 3562 849 3617 uidetur
867 3578 907 3617 ex
925 3560 1064 3616 formulis
1083 3576 1162 3631 rope
