2634 3892
553 190 742 232 Raraunum
1099 176 1153 233 389

138 339 209 393 1197
290 338 405 392 Romae
418 339 578 392 inuentum
592 352 721 405 carmen,
742 353 835 407 supra
855 338 937 407 quod
956 339 1005 392 uir
1022 340 1055 391 in
1073 338 1152 393 lecto

134 415 251 465 atratus
265 414 402 479 pateram
415 413 522 463 tenens
541 410 732 477 cernebatur,
751 410 917 464 iocularius
933 425 1023 478 quam
1037 411 1153 464 tristius

210 483 226 534 1
246 482 321 535 dum
340 482 417 535 coni.
437 480 581 534 Pithoeus
600 481 720 549 aliique,
749 481 830 535 donc
856 486 886 535 et
909 483 982 535 tuac
999 483 1032 534 in
1056 482 1153 535 tribus

135 552 233 607 titulis
255 552 402 606 confundi
420 553 542 605 memini
561 551 645 612 (CIL.
659 552 703 605 III
719 553 816 622 suppl.
830 552 909 617 8425,
930 552 955 606 V
974 553 1072 622 suppl.
1093 552 1152 620 181,

138 623 179 678 VI
199 623 298 688 19683)
399 623 416 676 2
435 623 522 677 heres
541 624 628 678 titulo
648 629 737 678 tenus
757 624 954 678 hereditatem
967 625 998 676 in
1013 624 1152 693 sepulcro

139 695 334 764 consumpsit.
368 694 609 764 Hagenhuchius
627 696 660 748 in
678 695 848 749 honorariis
867 695 961 748 titulis
981 696 1154 762 frequenta-

136 770 200 819 tam
223 767 412 835 comparauit
430 766 613 820 locutionem
632 767 745 820 honore
757 768 913 820 contentus
926 764 1097 834 impensam
1110 782 1155 819 re·

134 834 231 917 ‘arisit²
245 838 317 891 inde
332 839 439 906 opinor
453 836 537 891 ‘mihi
549 838 740 907 iungendum
753 842 800 891 est
819 852 887 891 cum
901 838 994 905 heres,
1008 853 1071 891 non
1084 852 1154 890 cum

134 907 284 963 reddidit
303 907 477 975 Mommsen,
498 909 604 962 dubito
623 925 697 963 num
716 914 787 978 apte

616 1070 680 1135 833

137 1192 274 1260 Discitis
298 1200 480 1259 crescentes
502 1191 760 1281 pietatcssredere
784 1196 910 1260 uostris.

211 1351 283 1407 CIL.
303 1352 329 1407 V
346 1351 424 1418 7537,
445 1351 493 1407 Or.
511 1351 584 1407 3058
684 1355 716 1406 in
735 1368 817 1423 pago
831 1352 893 1408 San
905 1353 1048 1408 Marzano
1061 1352 1154 1422 Ligu-

137 1425 204 1477 riae
328 1423 506 1478 hexametro
527 1424 584 1478 hoc
603 1425 681 1478 male
700 1426 813 1493 scripto
833 1423 951 1488 (discite
970 1440 993 1479 c.
1009 1424 1155 1493 pietatem

136 1495 278 1559 reddere)
291 1495 396 1548 finitur
408 1496 514 1549 titulus
524 1494 660 1550 Cominio
680 1500 710 1550 et
720 1496 883 1551 Terentiae
896 1497 1075 1566 parentibus
1092 1512 1110 1549 a
1123 1496 1155 1550 ii-

139 1566 186 1620 liis
207 1566 349 1635 idemque
369 1565 511 1621 Cominiis
530 1568 676 1621 fratribus
695 1573 833 1622 sacratus

612 1728 678 1793 834

137 1851 223 1918 Ossa
246 1851 314 1935 pila
338 1852 522 1933 cineresque
546 1853 630 1917 sacri
652 1852 706 1917 hio
729 1872 805 1918 ecoe
829 1850 1021 1940 quiescunt}

212 2009 284 2065 CIL.
303 2010 345 2064 VI
363 2010 452 2065 20502
471 2011 567 2065 descr.
585 2011 720 2080 Hennen,
740 2011 789 2067 Or.
802 2012 882 2066 4779.
909 2012 971 2066 AL.
988 2012 1155 2068 Burmanni

139 2081 181 2135 IV
199 2082 260 2145 298,
280 2081 394 2151 Meyeri
414 2082 484 2136 1393
605 2084 637 2136 in
656 2084 768 2137 urnula
786 2099 957 2139 marmorea
977 2084 1093 2140 Romae
1110 2101 1156 2140 re-

136 2152 349 2294 Jlrieerlzaiidffglata
362 2153 555 2208 Florentiam.
584 2156 805 2224 praescriptum
824 2153 884 2210 diis
897 2154 1044 2211 Manibus
1056 2154 1156 2210 Iuliae

612 2315 677 2381 835

136 2440 241 2505 Parce
265 2459 346 2527 opus
368 2441 431 2507 hoc
454 2441 614 2527 ser]iptor‚
639 2442 686 2507 ita
710 2449 742 2507 te
765 2448 822 2507 tua
844 2449 922 2507 uota
944 2449 1128 2525 sequantur.

211 2613 283 2669 CIL.
296 2615 339 2670 IX
348 2617 513 2683 3331,1RN.
523 2618 595 2672 5480
608 2634 646 2672 ex
656 2618 824 2673 Phoebonii
838 2620 956 2674 schedis
1046 2619 1156 2690 Super·

136 2687 231 2753 aequi
251 2686 291 2740 ad
309 2693 432 2756 pontem
446 2689 552 2743 litteris
566 2690 798 2759 elegantissimis
871 2692 1025 2760 suppleuit
1034 2691 1157 2746 Momm-

136 2771 231 2810 senus
250 2773 288 2811 ex
308 2759 395 2813 titulo
415 2759 576 2814 Formiano
597 2759 668 2815 CIL.
688 2761 716 2814 X
735 2761 815 2822 6193,
835 2762 872 2815 cf.
893 2762 945 2816 194
955 2778 992 2817 ss.
1031 2780 1102 2834 ,ffi-
1116 2761 1158 2834 ff

614 2917 687 3008 836:

516 3044 575 3129 silc
599 3050 631 3110 te
655 3051 711 3111 tua
733 3052 810 3112 uota
835 3046 1042 3132 [sequa]ntur‚
1056 3046 1082 3099 '³³
1096 3045 1157 3136 ’ἔῃ

136 3156 174 3214 ut
197 3155 231 3213 tu
254 3149 308 3234 [mi
332 3149 429 3235 hun]c
452 3151 557 3217 locum
581 3151 657 3217 dum
680 3152 786 3237 u[adis
808 3154 882 3239 non]
907 3154 1014 3220 ledere
1037 3156 1140 3222 uallis.

211 3307 283 3363 CIL.
302 3308 343 3363 VI
364 3309 452 3364 11529
470 3310 549 3365 uidit
567 3310 655 3365 Rossi
797 3313 849 3366 uia
867 3313 968 3383 Appia
986 3315 1018 3368 in
1041 3330 1157 3370 coeme-

138 3379 215 3433 terio
227 3377 349 3434 Callisti.
379 3381 535 3450 praecedit
554 3381 593 3450 ct]
614 3381 656 3436 M.
676 3399 699 3438 s.
721 3381 835 3438 ...niae
854 3384 1054 3455 Fortunaltae
1071 3386 1158 3456 feclit

135 3452 249 3531 conium
276 3449 411 3521 cooliuqi
437 3451 520 3521 belae
542 3452 672 3507 merenti
696 3456 723 3508 ei
738 3495 745 3508 .
760 3496 766 3508 .
784 3494 790 3508 .
807 3454 978 3524 [Cllaudius
1002 3456 1157 3513 Stasimus

135 3520 340 3648 pofflimssumu
351 3594 383 3647 in
396 3593 475 3648 hanc
487 3595 619 3650 litteram
632 3598 695 3650 exit
707 3597 817 3668 lapidis
828 3612 946 3667 uersus,
960 3614 1021 3669 quo
1031 3598 1155 3655 Momm·
