2648 3886
487 135 492 143 ’
561 157 750 198 nnxAnnum

120 303 402 388 scantemptisqne
426 303 499 369 aliis
521 324 572 369 mc
596 303 684 370 dicto
707 306 775 371 inre
799 311 910 371 secuta
934 326 978 372 es.

148 430 219 476 cum
242 417 276 476 te
298 429 379 496 pura
402 409 516 476 domus
539 411 675 494 quaerit,
699 410 761 477 seit
783 412 914 496 publica
936 413 1023 480 fama

147 524 179 583 et
202 518 318 602 probat
341 537 435 582 amne
458 518 575 583 bonum
599 517 659 583 soli
682 538 828 584 seruasse
850 520 976 585 marita.

146 646 165 691 ο
189 624 287 690 durus
309 630 428 709 raptor,
452 644 537 690 mors
560 625 705 709 inproba.
741 625 797 690 uix
819 625 898 690 mihi
921 632 1027 692 tecum

147 732 274 798 canubii
298 735 409 815 gratas
431 730 523 797 licuit
546 732 740 816 coniungere
763 731 886 815 taedas,

108 865 135 906 ιο
144 838 233 925 inpia
256 857 471 924 praepropero
494 836 563 903 uidi
585 844 642 904 tna
665 839 734 904 fata
757 838 878 913 dolore.

183 1071 186 1075 ,
216 1014 334 1070 Notizie
351 1014 379 1068 d.
393 1017 478 1069 scavi
492 1015 561 1069 1888
574 1031 603 1085 p.
615 1015 669 1070 449
681 1031 710 1069 n.
719 1015 757 1068 40
775 1016 870 1070 deser.
880 1014 971 1084 Gatti,
991 1020 1060 1070 acta
1073 1016 1160 1072 acad.

144 1088 235 1141 inser.
245 1085 380 1141 Gallicae
394 1086 464 1140 1888
476 1102 504 1154 p.
514 1086 568 1140 365
647 1086 762 1141 Romae
775 1088 806 1141 in
820 1089 1001 1142 coemeterio
1015 1088 1161 1144 basilicae

145 1157 173 1213 S.
184 1157 336 1212 Valentini
348 1158 402 1211 uia
411 1156 559 1211 Flaminia
571 1158 603 1210 in
616 1173 689 1212 arca
702 1172 872 1212 marmorea
954 1159 1161 1228 subscriptnm

145 1229 195 1282 Fl.
216 1228 358 1283 Crescens
379 1225 494 1282 Aciliae
513 1227 689 1283 Bactrianae
711 1227 908 1284 dulcissimae
931 1230 1032 1299 adque
1056 1245 1162 1285 arnan·

143 1297 282 1355 tissimae
300 1297 425 1368 coninqi
443 1298 643 1354 benemerenti
662 1298 697 1354 in
711 1315 789 1369 pace
808 1315 886 1381 qnae
905 1298 987 1354 uincit
1000 1316 1099 1355 annos
1112 1303 1161 1355 de·

143 1386 208 1425 ceni
226 1373 254 1424 et
272 1372 385 1438 septeni
408 1372 436 1425 et
459 1370 613 1426 mannans
636 1387 755 1439 nonem,
784 1372 891 1426 diebus
909 1370 1060 1439 tredecim,
1087 1370 1162 1441 fecit

146 1457 214 1497 anni
230 1440 342 1496 marita
362 1457 479 1496 annam
493 1444 520 1496 et
532 1458 626 1497 niens.
636 1444 692 1508 111,
712 1441 874 1512 deplosita)
890 1443 982 1499 VIIII
995 1443 1055 1497 leat.
1066 1444 1161 1499 Mart.

150 1510 362 1568 Valentiniano
381 1515 408 1567 et
430 1514 551 1569 Valente
568 1514 666 1585 Anqq.
685 1512 817 1580 iterium)
837 1529 934 1569 conss.
953 1529 1034 1569 anna
1054 1515 1107 1570 368

624 1711 689 1776 653

142 1835 229 1900 (lara
250 1835 306 1919 pia
330 1836 446 1900 coniux
469 1835 577 1918 Yguia
600 1833 775 1917 deditaque
797 1835 923 1918 marita,

144 1940 264 2007 funeris
287 1940 333 2004 tui
358 1959 455 2005 causa
478 1944 547 2004 tata
568 1959 627 2005 nos
650 1947 757 2005 mente
781 1939 935 2006 dolemus.

145 2052 372 2135 aeternamque
379 2044 507 2110 domum
514 2045 859 2112 (lomienusAmantius
868 2044 981 2130 paraui
991 2045 1159 2128 nobisque.

144 2154 312 2235 sanctique
335 2152 383 2217 tui
404 2172 515 2218 manes
538 2151 632 2217 nobis
652 2153 835 2237 petentibus
858 2151 976 2236 adsint,

119 2270 180 2328 sut
202 2280 328 2346 semper
350 2260 548 2342 libenterque
571 2259 688 2325 salmes
711 2260 835 2342 tibique
859 2257 1014 2325 dieamus.

216 2435 329 2491 Gruter
345 2437 423 2504 1061,
438 2437 455 2490 7
474 2437 514 2489 ‘in
526 2438 596 2490 nico
610 2434 639 2490 S.
653 2435 772 2491 Gemini
786 2437 818 2490 in
827 2434 952 2490 Vmbria
965 2434 1159 2489 IohMetellus

143 2507 229 2562 uidit’
314 2523 457 2563 numeros
469 2508 640 2561 inconditos
654 2512 799 2561 secuntur
812 2507 900 2560 haec:
920 2505 1046 2560 Aurelia
1061 2504 1159 2576 Yynia

143 2593 202 2648 qne
221 2577 303 2632 uixit
321 2577 414 2632 annis
432 2578 621 2634 XXXVIIII
634 2593 727 2632 mens.
748 2578 818 2631 IIII
833 2578 862 2631 d.
882 2578 922 2644 ΙΙ,
943 2575 1071 2631 duranit
1090 2593 1159 2632 cuni

142 2647 256 2704 niarito
276 2647 369 2703 annis
386 2649 514 2702 XXIIII
528 2664 622 2705 niens.
635 2650 705 2703 IIII
723 2649 752 2703 d.
765 2650 806 2717 ΙΙ,
825 2646 986 2718 dentosita)
1007 2646 1056 2703 die
1071 2647 1158 2717 prid.

143 2720 203 2775 kal.
223 2717 327 2774 Maias
350 2717 563 2774 Valentiniano
581 2723 608 2774 et
631 2721 751 2776 Valente
769 2721 867 2790 Anqq.
887 2720 956 2774 IIII
971 2735 1052 2774 anno
1071 2719 1125 2775 373

201 2792 232 2915 l1
252 2806 307 2861 pro
332 2789 427 2860 Yqial
528 2791 546 2844 3
565 2806 755 2846 communem
773 2793 828 2846 tibi
844 2793 995 2860 nobisque
1103 2790 1120 2844 ὃ
1139 2791 1159 2844 i.

144 2877 201 2933 psa
212 2878 277 2916 mos

618 2988 685 3053 654

142 3114 232 3179 Inter
255 3133 333 3178 auos
356 3131 557 3198 proauasque
578 3119 651 3178 tuos
673 3118 881 3194 sanctumque
905 3115 1070 3195 parentem

98 3268 105 3279 .
143 3197 297 3285 uirtutum
319 3219 443 3285 meritis
466 3224 498 3285 et
521 3218 694 3284 honoribus
718 3217 885 3300 emicuisti,

143 3332 364 3391 ornamentum
387 3327 500 3409 ingens
522 3326 650 3409 generis
672 3326 844 3409 magnique
867 3330 1009 3407 senatus,

144 3431 202 3498 sed
225 3439 337 3518 raptus
359 3452 496 3518 propere
520 3433 651 3516 liquisti,
675 3438 786 3499 sancte
809 3433 958 3515 Kameni,

122 3545 293 3606 saetemos
315 3538 409 3606 fletus
432 3541 544 3606 obiens
566 3540 766 3607 iuuenalibus
789 3540 891 3605 annis.
