2646 3884
585 204 712 245 seusun
1120 188 1157 244 21

214 349 287 404 CIL.
306 349 346 405 IV
364 350 435 404 2069
597 350 738 419 Pompeis
757 351 789 403 iu
808 352 932 420 pariete.
951 351 1004 405 ubi
1024 365 1152 421 quaeres

139 436 309 546 golntateffl
329 425 479 491 potestate
509 422 604 475 futuri
632 422 687 477 sed
715 437 755 475 ex
778 423 892 476 rustica
916 423 1070 476 uoealium
1087 436 1155 492 per·

630 600 673 665 38

140 724 348 790 Communem
371 743 532 788 nummum
555 722 764 789 diuidendum
789 723 896 790 censio
920 730 980 807 est,

139 851 216 895 nam
238 836 346 895 noster
368 849 513 895 nummus
535 833 710 913 magna(m)
735 832 834 897 habet
856 831 1036 916 pecuniam.

52 1040 54 1045 .
184 1005 733 1092 001L.10V1597,P'LMEJ<y1125
806 982 808 985 ’
896 1009 928 1060 in
957 1024 1044 1062 muro
1069 1007 1155 1062 Pom-

93 1103 95 1109 '
139 1078 1155 1218 ustePtttttttitttttttuttidt{timiditati

143 1219 212 1273 1891
231 1236 259 1289 p.
281 1219 334 1274 272
355 1236 512 1275 comunem
529 1235 659 1274 numism
679 1220 806 1275 diuidere

214 1291 229 1343 1
248 1306 408 1345 nummum
427 1294 515 1360 quasi
529 1307 631 1345 aream
651 1293 778 1362 collegii.
807 1290 908 1346 censio
928 1294 1015 1361 quasi
1034 1297 1152 1347 senten·

140 1362 193 1415 tia.
221 1368 294 1416 uota
308 1367 354 1416 est
372 1364 524 1416 communi
538 1363 706 1417 diuidundo
726 1365 805 1418 actio
907 1363 924 1416 2
942 1379 1036 1417 mama
1049 1379 1154 1419 murus

609 1587 611 1593 .
628 1525 671 1589 39

138 1646 281 1712 Sabinus
304 1646 499 1731 dissignator
523 1668 593 1713 eum
616 1648 730 1733 plausu
753 1648 842 1714 feeit.

214 1822 286 1877 CIL.
305 1823 346 1878 IV
364 1824 424 1892 768,
443 1825 569 1879 Henzen
588 1826 678 1880 rossa
818 1827 860 1879 sie
879 1825 1083 1895 Pompeianus
1095 1827 1153 1881 iste

8 1922 15 1933 ι
34 1920 38 1925 <
139 1895 306 1963 respondet
319 1893 867 1967 suffragiarogantibusMEpidium
874 1894 1024 1951 Sabinum
1034 1896 1155 1966 dmum·

134 1964 259 2033 mirere)
278 1964 371 2035 ibere)
401 1966 559 2036 diomede)
580 1967 771 2036 defensorem
790 1965 924 2022 coloniae
948 1983 986 2021 eoo
1004 1965 1154 2022 sententia'

140 2034 238 2092 daedi
257 2036 417 2092 Oiemeritis
436 2037 536 2093 saneti
553 2037 668 2093 iudicis
687 2054 837 2094 consensu
855 2037 977 2093 ordinis
995 2040 1030 2093 ob
1044 2037 1154 2094 merito

139 2106 208 2161 eius
222 2110 249 2161 et
257 2106 442 2177 probitatem
461 2108 591 2179 dionem
602 2110 649 2165 rei
657 2108 800 2179 publicae
817 2108 978 2179 furiatas).
1006 2112 1154 2180 dissigna-

140 2184 239 2233 torem
264 2181 316 2248 qui
344 2182 435 2234 etiam
459 2197 589 2236 scaenae
613 2181 816 2236 adhibebatur
838 2182 1011 2236 scaenicum
1029 2196 1154 2235 uersum

140 2250 280 2305 consulto
301 2253 409 2306 iecisse
428 2253 586 2322 probabile
606 2257 651 2307 est

630 2415 674 2478 40

138 2536 215 2602 Non
238 2543 287 2602 est
311 2557 351 2601 ex
374 2538 448 2602 albo
471 2536 594 2622 iu[de]x
616 2544 709 2622 patre
733 2537 906 2622 Aegyptio.

214 2710 285 2766 CIL.
306 2713 436 2799 IV.¹94.3
475 2786 481 2799 .
530 2786 564 2799 ..
599 2716 632 2768 in
648 2714 1017 2799 basilicaenPompeianae
1036 2715 1153 2784 pariete

139 2853 213 2923 (cie.
234 2854 272 2909 re
292 2785 461 2910 titiis.
473 2785 1157 2926 ibittutibustutudistis

139 2927 209 2994 quis
228 2926 370 2996 iungeret
389 2927 456 2981 albo
475 2928 570 2995 patre.
601 2929 652 2997 qui
672 2927 754 2982 eolor
773 2943 847 2981 sane
865 2926 971 2980 rarior
988 2924 1023 2980 iri
1037 2927 1154 2981 Mareo-

138 2995 203 3051 tide
219 2997 312 3065 fusoa
331 2997 427 3066 (Mart.
447 2998 488 3052 IV
505 2998 548 3068 42,
568 2999 596 3064 5)

626 3126 667 3192 41

212 3247 385 3305 huiusmodi
397 3249 575 3319 Pompeiani
594 3252 727 3319 parietes
746 3251 890 3318 inscripta
910 3264 971 3302 non
985 3263 1084 3318 pauca
1103 3248 1154 3301 ha-

140 3318 223 3387 bent,
243 3335 322 3389 quae
340 3322 373 3374 in
391 3323 527 3375 senarios
546 3323 682 3391 integros
701 3326 804 3375 uertas
825 3321 894 3374 licet
908 3319 1037 3389 demptis
1050 3323 1154 3372 'muta-

139 3390 220 3444 tisue
238 3393 411 3446 nominibus
430 3394 561 3446 maxime
581 3393 711 3462 propriis
731 3392 833 3461 qualia
852 3406 944 3460 saepe
962 3392 994 3443 in
1017 3390 1153 3444 carmini-

141 3460 199 3514 bus
218 3462 320 3518 feeere
343 3468 378 3517 ut
396 3469 563 3531 augeretur
582 3463 695 3533 pedum
719 3477 864 3517 numerus
884 3466 938 3516 aut
956 3462 1152 3536 minueretur.

139 3531 227 3585 uelut
260 3538 447 3604 exsuperant
480 3536 633 3589 senarium
669 3541 726 3588 aet.
759 3534 827 3586 inst.
859 3533 939 3586 aroh.
972 3531 1056 3586 Rom.
1084 3531 1135 3585 19*

140 3617 169 3671 p.
181 3602 233 3656 190
244 3603 273 3659 0.
284 3605 406 3660 Hodites
424 3603 544 3660 Ventrio
557 3621 648 3676 eques
660 3607 753 3659 rietus
766 3605 925 3659 Romanoa
937 3601 1017 3657 inter
1030 3604 1088 3656 bete
