2646 3884
150 118 187 172 20
616 132 707 172 mum

224 279 239 331 1
262 275 338 340 Quoi
362 279 480 348 legerat
498 277 706 333 Wordsworth
725 279 829 349 Pomp.
849 280 938 333 inser.
958 297 985 350 p.
1005 280 1041 335 23
1064 285 1093 335 et
1111 281 1167 336 ad-

126 348 279 428 ἱροπὶίιιν
429 347 447 402 2
467 350 510 402 sic
530 349 686 404 catillones
705 350 777 404 dicti
797 351 880 419 quod
898 352 1013 406 catillos
1026 352 1165 422 ligurrie-

151 421 226 477 bant
246 420 428 484 (Macrobius
447 424 502 474 sat.
521 419 566 473 III
586 421 627 488 16,
648 421 694 485 17)

636 600 681 664 34

152 725 269 791 Senem
292 745 438 791 seuerum
462 745 587 810 semper
611 744 681 790 esse
704 723 872 791 condecet.

151 832 233 899 bene
257 831 354 897 debet
378 851 447 898 esse
470 851 590 917 ponere
614 832 668 913 qui
693 831 796 898 discet
820 832 911 898 bene.

224 1008 295 1063 CIL.
306 1007 349 1062 III
362 1024 391 1078 p.
401 1007 454 1062 962
472 1007 532 1061 u2
551 1008 725 1077 designauit
735 1009 899 1063 Mommsen
1007 1010 1039 1063 in
1058 1011 1163 1080 tegula

150 1080 328 1134 Pannonica
339 1078 486 1135 Sauariae
496 1083 617 1148 reperta
627 1081 754 1134 incisum
766 1080 841 1134 stilo.
852 1081 1041 1150 grammatici
1052 1096 1167 1150 pueros

150 1152 352 1207 instituebant
370 1150 537 1205 scribendis
557 1152 713 1205 sententiis
732 1150 864 1215 (Quintil.
885 1151 900 1204 Ι
918 1151 943 1219 9,
962 1151 990 1216 3)

222 1222 239 1275 2
262 1222 322 1277 alia
345 1237 454 1276 manus
482 1222 637 1291 scripsisse
664 1223 731 1276 uisa
759 1226 804 1276 est
826 1221 1019 1290 Mommseuo‚
1047 1225 1166 1293 species

151 1297 253 1351 tamen
272 1293 394 1363 tegulae
413 1294 640 1361 uerborumque
659 1293 829 1347 distributio
848 1295 947 1363 magis
965 1295 1050 1349 fauet
1068 1292 1174 1349 unum

150 1365 245 1418 iniisse
265 1365 440 1433 scriptorem
459 1364 578 1432 putanti
733 1378 834 1431 ponet·
852 1367 985 1432 unicum,
1005 1365 1087 1420 unde
1101 1382 1167 1435 por

152 1440 183 1490 et
196 1449 278 1504 puer

634 1556 678 1624 35

150 1684 315 1750 Minimum
338 1682 456 1748 malum
479 1682 515 1748 fit
539 1682 771 1748 contemnendo
794 1702 986 1749 maxumum.

225 1859 297 1915 CIL.
311 1859 352 1915 IV
371 1860 440 1915 1811
460 1865 491 1914 et
504 1860 581 1926 1870,
601 1860 650 1913 hic
663 1859 985 1915 Menedemernmcnus
1005 1861 1167 1933 adscripsit

151 1932 241 1987 homo
259 1931 362 1986 ridens
385 1947 546 2001 personam
565 1931 892 1999 Hautontimorumeni‚
917 1947 991 2002 ergo
1012 1932 1058 1986 bis
1077 1950 1166 2005 repe·

150 2005 223 2057 titus
242 2004 274 2056 in
287 2018 374 2057 muro
387 2002 572 2071 Pompeiano
586 2008 697 2072 poetae
709 2018 826 2057 uersus.
853 2002 997 2057 adsimilis
1011 2002 1079 2074 Syri
1099 2021 1164 2060 sen-

150 2075 246 2129 tentia
264 2088 383 2128 neccsse
402 2075 447 2128 est
464 2071 596 2128 minima
616 2072 824 2127 maximorum
844 2089 907 2128 esec
926 2072 1019 2128 initia

635 2252 677 2316 36

149 2377 268 2462 Vigula
290 2376 473 2461 ma[tuti]na
496 2384 528 2442 et
553 2376 722 2461 ca[ptabis]
747 2396 802 2441 aes
827 2375 903 2442 cito.

220 2553 292 2609 CIL.
312 2553 354 2608 IX
373 2553 444 2608 2749
612 2551 778 2608 Aeserniae
956 2555 1106 2608 sententia
1124 2558 1162 2608 ut

149 2626 271 2681 uidetur
289 2625 420 2679 iambica
433 2625 487 2679 sed
503 2626 638 2678 incertae
650 2624 788 2678 lectionis
799 2624 945 2694 inscripta
963 2631 1159 2680 monumento

149 2696 310 2765 sepulcrali
330 2697 364 2749 L.
389 2693 528 2750 Taminio
542 2696 577 2748 L.
586 2694 611 2764 f.
635 2696 702 2749 Τνο.
716 2694 818 2764 Rufo:
837 2692 986 2764 Princeps
1005 2695 1158 2767 bibentes)

146 2765 221 2837 fecit
238 2769 267 2821 ct
284 2764 344 2821 stol
363 2769 390 2821 et
408 2764 483 2822 suis.
503 2772 534 2821 et
552 2767 629 2821 haec
648 2766 771 2835 quidem
789 2767 942 2821 senarium
961 2768 1094 2837 implent,
1115 2783 1158 2822 se-

149 2843 260 2893 cuntur
290 2844 382 2893 notae
413 2839 593 2907 numerique
620 2838 750 2892 fortasse
777 2839 945 2908 impensam
971 2838 1159 2893 monumenti

148 2910 362 2979 significantes,
382 2915 445 2963 tum
459 2909 560 2979 figura
572 2909 631 2962 uiri
644 2913 675 2963 et
687 2909 788 2980 figura
799 2910 935 2963 tunicata
949 2909 1066 2977 sedens,
1079 2910 1160 2962 inter

147 2980 202 3034 has
221 2977 318 3050 niqui.
338 2996 366 3034 a.
378 2979 543 3049 monfanc
562 2979 597 3048 et]
618 2978 712 3035 caria.
733 2978 778 3049 [si.
798 2996 874 3035 caes.
894 2979 963 3048 cito]
987 2980 1157 3048 exquibus

147 3052 254 3106 litteris
274 3067 350 3120 quas
369 3053 489 3105 uncinis
512 3051 612 3121 saepsi
639 3051 730 3106 hodic
749 3053 875 3121 periere,
901 3057 1018 3106 ceteras
1036 3049 1158 3104 Momm·

147 3137 241 3177 senus
259 3124 302 3177 sic
321 3122 487 3192 descripsit.
516 3123 587 3177 huic
604 3124 636 3176 in
654 3127 785 3178 mentem
804 3127 933 3178 uenerat
950 3122 1088 3176 senarius
1107 3120 1160 3174 ille

148 3194 361 3318 quemdposui
390 3195 447 3248 nisi
476 3195 558 3263 quod
582 3196 672 3263 capta
695 3192 740 3249 sic
763 3195 889 3263 scripsit,
918 3193 1011 3247 malui
1037 3191 1159 3262 quidem

147 3280 237 3320 corre
261 3280 291 3319 es

632 3390 675 3455 37

144 3514 268 3581 Moram
292 3513 320 3581 si
344 3515 480 3600 qnaeris,
504 3534 621 3600 sparge
644 3514 791 3595 miliulm)
816 3520 849 3578 et
872 3514 998 3598 collige.
