2648 3886
544 177 732 218 nnxsunrnr
1088 164 1145 218 267

198 322 270 378 CIL.
290 323 423 378 1113397
449 324 549 379 denuo
573 339 606 378 se
632 326 747 378 frustra
771 328 935 393 temptasse
959 329 1064 378 narrat
1082 324 1145 379 Do-

125 396 304 449 maszewski
323 396 420 464 suppl.
437 412 466 464 p.
481 395 551 449 1690
650 397 680 448 in
692 396 852 449 Pannonia
870 396 1015 450 inferiore
1034 397 1065 449 in
1085 402 1145 449 sta-

126 468 209 520 tione
228 466 296 520 alae
314 466 328 519 I
347 466 499 520 Thracum
518 472 579 520 uet.
598 467 731 520 nuncin
748 481 853 520 museo
872 466 1042 520 Pestinensi

126 539 348 606 praescriptum
366 535 538 604 memoriae,
556 538 762 606 subscriptum
777 538 834 590 Iol.
851 534 1024 592 Victorinus
1037 538 1142 604 blame)-

124 606 296 678 siiciom'us)
315 624 373 663 cos.
390 607 599 677 f(ociuodum)
618 606 771 675 decreuit),
790 610 822 662 in
841 608 937 662 latere
950 609 1095 678 scriptum
1115 611 1147 662 et

123 681 216 748 poter
234 678 308 732 Aur.
327 679 442 747 Eptolo
456 677 693 748 pientiss(imoe)

199 751 266 804 2in
285 752 419 805 carmine
438 767 588 820 proxumo
610 766 699 821 quem
717 748 800 819 lapis
820 748 877 804 iste
901 748 975 820 teqit
998 756 1066 819 post
1090 766 1143 804 no·

127 836 197 875 men
215 821 323 875 tumuli
342 822 434 891 paulo
454 823 566 877 rectius
671 822 689 875 3
702 820 808 876 debuit
821 822 912 875 scribi
923 819 1039 890 primis
1051 821 1145 876 modo

128 908 197 946 oum
296 893 313 947 5
332 894 424 946 stabit
443 898 571 948 metrum
591 893 616 945 si
632 907 693 960 pro
711 894 762 947 uel
782 908 801 947 a
821 891 970 962 peceatrice
992 894 1101 947 feceris

164 965 226 1016 ἀντὶ
245 964 353 1035 ἑκςίνης
371 964 523 1033 intellego,
544 961 651 1018 abillo
671 980 746 1018 corr.
757 963 960 1018 Mommsenus
1033 964 1049 1016 6
1069 978 1143 1033 qum

128 1037 226 1089 fertur
246 1037 371 1089 conexis
388 1037 531 1089 extremis
545 1036 666 1088 duabus
738 1036 787 1088 ds.
798 1032 881 1105 flebit
893 1050 984 1089 casus
997 1032 1146 1088 acciderit

127 1103 265 1175 iiliolqae
284 1106 369 1175 lapis.
398 1111 527 1160 metrum
547 1121 731 1175 sensumque
750 1108 793 1159 sic
812 1107 970 1175 reparabis
987 1107 1056 1159 onte
1070 1104 1143 1159 dori

128 1176 220 1232 morti
238 1192 331 1246 quam
346 1175 457 1247 flebilis
476 1175 525 1231 laic
543 1174 603 1231 stet
618 1192 709 1231 casus
723 1175 872 1231 occideret
884 1180 975 1230 natae
988 1192 1066 1246 quoe
1079 1192 1145 1230 sorr

125 1247 299 1317 permansit
317 1247 352 1302 ia
370 1263 454 1303 aeuo.
483 1264 557 1318 ergo
575 1246 642 1317 lilia
661 1264 715 1318 pro
730 1248 865 1302 ablatiuo
883 1248 990 1312 habeo,
1010 1262 1067 1317 que
1086 1263 1144 1317 pro

13 1337 20 1355 ¹
129 1320 257 1374 relatiuo
277 1321 465 1400 pronomine.
492 1319 618 1389 filioque
632 1316 949 1387 permansitMomms.
967 1319 1146 1372 dubitanter

256 1388 494 1445 leoniomuste
517 1392 701 1460 exscriptum
725 1395 785 1444 est:
813 1388 847 1443 io
870 1405 969 1448 annos
989 1390 1082 1445 XXV
1099 1391 1147 1443 set

129 1460 263 1515 Momms.
283 1462 465 1516 dubitanter.
498 1463 570 1515 mihi
589 1467 708 1516 constat
727 1462 887 1530 spatioque
905 1461 1015 1530 lapidis
1034 1461 1143 1530 pusillo

130 1533 303 1587 confirmari
322 1533 444 1587 uidetur
462 1549 576 1588 nouam
595 1549 614 1586 a
633 1531 814 1603 quicumque
829 1532 987 1601 periodum
1000 1533 1146 1601 incipere.

131 1604 259 1672 anpuste
277 1609 406 1657 metrum
426 1621 488 1658 non
507 1605 606 1658 minus
627 1606 731 1658 turbat
751 1618 841 1672 quam
861 1601 1006 1672 infauste,
1026 1608 1144 1657 senten-

130 1676 192 1729 tiae
210 1675 433 1729 incommodnm
452 1677 577 1729 uenuste
658 1676 854 1744 Spraemitte
873 1676 907 1728 tu
995 1673 1147 1728 miserore

131 1747 231 1816 posui:
249 1747 280 1799 in
300 1746 401 1815 lapide
420 1744 548 1815 iatpsdi
566 1746 639 1799 talia
657 1761 829 1815 apparuere
928 1745 944 1799 9
964 1743 1077 1816 elysius
1094 1743 1144 1798 isli

132 1816 512 1872 ..sordesceiocuodisoas
537 1822 700 1871 enotarnnt
723 1832 763 1871 ex
786 1816 895 1885 lapide,
920 1818 1031 1885 quibus
1050 1818 1081 1869 in
1100 1816 1146 1869 lit·

132 1889 206 1942 teris
225 1904 294 1942 cum
313 1904 424 1943 nomen
444 1888 483 1941 ad
499 1887 626 1958 Elysios
645 1889 800 1957 pertinens
820 1888 935 1940 frustra
953 1888 1153 1956 quaesissem,

133 1962 181 2013 tor
200 1961 313 2029 sumpsi
332 1961 496 2028 inrepsisse
514 1975 553 2013 ex
571 1961 716 2013 inferiore
735 1973 829 2013 uersu
843 1959 895 2026 qui
909 1959 1056 2026 syllabam
1070 1959 1152 2011 hanc

134 2031 241 2085 eodem
261 2032 327 2085 loco
347 2032 476 2100 positam
499 2031 599 2084 habet.
637 2033 726 2083 atne
751 2031 794 2083 sic
817 2029 940 2097 quidem
958 2030 1077 2098 reliqua
1096 2045 1151 2098 po-

134 2103 178 2155 tui
198 2102 353 2171 expedire,
372 2118 444 2156 num
464 2102 567 2156 undas
586 2098 708 2170 terrase.
725 2098 916 2154 iucundius?

605 2209 671 2274 556

134 2317 197 2383 Hic
225 2317 311 2382 iacet
343 2317 376 2381 in
404 2316 525 2381 tumulo
553 2316 630 2380 Aur.
654 2315 777 2381 Sabina
800 2313 1000 2400 pientissima
1031 2312 1150 2378 coniux

794 2422 973 2501 anno1·(um)
997 2419 1104 2500 XXV,

136 2551 229 2614 quem
252 2530 335 2614 lapis
358 2529 444 2613 istie]
469 2530 560 2614 tegit,
585 2534 678 2613 rapta
703 2526 764 2611 [est
787 2527 841 2612 dle
864 2527 937 2591 luce
960 2545 1085 2608 serena,

136 2635 240 2721 qluae]
264 2637 367 2720 magis
391 2635 547 2701 debuerat
570 2634 694 2720 fe[ss]os
717 2634 853 2719 sepelire
875 2632 1060 2718 parelnltes.

136 2764 155 2809 o
179 2742 279 2827 dolor,
304 2763 323 2808 o
347 2742 461 2828 pietas,
486 2762 505 2807 o
528 2742 641 2807 lunera
664 2741 769 2806 tristia
793 2739 948 2824 coniugis.

208 2865 280 2921 CIL.
291 2864 415 2920 1113351
488 2880 584 2934 prope
595 2863 704 2918 Albam
715 2863 842 2933 Regiam
852 2863 1039 2917 Pannoniae.
1064 2862 1156 2929 signa

137 2953 230 3007 supra
250 2943 320 2991 sunt
339 2938 398 2990 uiri
425 2938 578 3002 scuticam,
604 2935 691 3005 pueri
716 2935 865 3001 malleum,
890 2934 1024 2987 mulieris
1045 2945 1156 2984 uascu-

136 3009 199 3062 lnm
218 3009 357 3075 tenentis,
377 3009 457 3060 infra
477 3007 595 3060 uasculi
608 3011 638 3060 et
657 3021 856 3060 racemorum.
885 3006 1080 3058 continuatur
1094 3001 1152 3081 elo·

137 3081 222 3149 gium
241 3081 285 3133 sic
303 3076 408 3133 tristia
426 3076 575 3148 coaiupis.
604 3078 731 3131 Morcus
750 3076 824 3130 Aur.
843 3074 987 3132 Attianus
1007 3071 1157 3152 demerso}

137 3151 184 3204 ale
203 3151 223 3203 1
241 3151 391 3204 Trltocum
411 3152 438 3203 ei
455 3150 529 3203 Aur.
549 3146 702 3204 Sabinilla
724 3146 791 3216 fitia
817 3146 987 3200 eorundum
1005 3141 1074 3197 uiuo
1093 3143 1154 3197 sebe

136 3220 323 3291 faciundum
342 3223 499 3275 curarunt.
526 3221 644 3274 litterae
663 3220 777 3273 saeculi
791 3218 934 3272 dicuntur
947 3217 1028 3270 tertii
1042 3229 1156 3268 aenon

136 3294 289 3346 inferioris

211 3363 226 3416 1
246 3379 285 3418 ex
307 3363 473 3432 archetypo
493 3362 546 3416 tali
566 3362 682 3416 tumulo
704 3357 858 3413 Faustino
872 3355 1021 3427 piissimo
1040 3373 1064 3411 c.

138 3436 188 3488 is.
209 3434 350 3504 suppleta
374 3435 479 3503 spatiis
502 3433 580 3487 tituli
605 3432 770 3487 conuenire
788 3430 992 3484 Mommsenus
1017 3432 1155 3483 testatur.

138 3506 255 3575 absque
275 3521 310 3559 eo
331 3510 418 3572 esset,
437 3506 561 3573 raptam
580 3504 767 3573 scripsissem
879 3501 896 3554 3
915 3502 933 3554 i.
953 3515 1044 3570 mage

136 3577 374 3646 4archetypum
392 3579 486 3631 uotae
515 3577 552 3630 cf.
571 3575 605 3629 81
