2648 3886
155 151 210 206 234
592 164 732 205 nucum

156 332 236 378 unus
259 333 348 378 amor
370 313 496 395 mansit,
521 333 580 397 par
604 332 730 395 quoque
753 312 821 377 uita
843 310 963 376 fidelis:

156 420 184 485 si
206 418 308 484 doluit
331 420 439 503 aliqui,
462 439 513 484 me
537 439 663 503 quoque
686 418 776 484 iunxi
800 418 917 500 dolori;

155 547 215 611 par
237 525 284 590 fui
308 525 383 590 dum
405 529 505 611 potui.
543 527 645 592 dulcis
667 526 741 591 uale
763 525 843 590 kare
866 523 996 590 sodalis.

228 683 299 740 CIL.
318 685 362 738 XI
380 684 441 752 654,
460 701 479 739 a
498 684 626 740 Nisseno
646 685 830 754 descriptum
849 684 951 750 habui,
974 681 1101 737 Henzen
1121 680 1171 736 Or.

156 756 226 809 6197
354 755 521 811 Fauentiae
541 760 626 810 extat
752 755 909 825 praecedit
927 755 956 808 d.
975 754 1017 807 M.
1036 752 1170 820 Primae,

156 828 292 895 sequitur
310 825 393 881 uincit
410 842 482 881 aaa.
497 827 576 881 XXI
590 843 630 882 m.
648 827 684 881 II
699 828 727 881 d.
744 827 811 881 XX.
825 825 968 881 Uitrasius
986 823 1082 892 blane)
1101 827 1172 887 m(e·

155 895 255 964 reati).
283 900 398 953 errauit
416 898 548 968 lapicida
560 899 607 952 bis
626 900 658 953 in
676 898 866 968 conligandis
879 896 892 952 i
907 903 937 951 et
955 897 1086 950 ilitteris
1100 910 1170 949 cum

156 970 251 1024 solam
270 971 282 1022 i
300 969 422 1039 longam
443 969 586 1025 redderet

228 1040 243 1091 1
263 1042 413 1095 sententia
434 1041 502 1095 talis
521 1038 687 1110 meritoque
705 1055 770 1094 meo
790 1039 900 1094 dilecta
918 1037 1019 1093 sodal’
1152 1105 1158 1116 ι

155 1109 391 1181 saumsirmio,
418 1112 501 1181 quod
524 1112 654 1167 fortasse
672 1116 756 1166 recte
775 1116 925 1166 mutatum
945 1111 1039 1164 estin
1059 1107 1172 1177 aliquoi

157 1181 228 1238 CIL.
338 1198 456 1253 quoque
474 1184 506 1236 in
525 1189 656 1252 utroque
675 1198 769 1237 uersu
789 1183 908 1236 dubites
924 1197 964 1236 an
980 1182 1171 1250 producatur

155 1253 343 1323 paenultima
353 1259 477 1308 acutum
490 1270 575 1309 more
585 1261 744 1323 poetarum
754 1255 941 1320 inferiorum,
955 1254 998 1306 sic
1007 1252 1172 1306 trochaeus

156 1330 201 1379 est
226 1327 257 1378 in
284 1331 393 1393 quarto
420 1325 498 1394 pede
518 1341 573 1394 pro
594 1325 739 1395 spondeo,
759 1326 873 1394 alioqui
892 1324 1073 1394 pentametri
1092 1321 1171 1377 simi-

154 1396 199 1450 les
220 1398 338 1449 numeri
357 1397 388 1449 in
406 1396 507 1451 medio

632 1503 698 1567 492

155 1627 304 1693 Floribus
326 1633 362 1692 ut
385 1627 499 1692 saltem
522 1627 773 1712 relquliels]cant
796 1628 940 1693 membra
962 1625 1110 1692 iucundis

155 1733 268 1798 Aeliae
292 1753 387 1799 carae
411 1733 488 1798 mihi
510 1754 595 1799 nunc
618 1734 680 1801 hoc
703 1735 845 1800 inclusae
870 1733 1025 1818 sepulcro,

154 1841 268 1923 regina
290 1841 376 1906 Ditis
398 1840 508 1924 magni
531 1842 626 1925 regis,
651 1841 788 1926 [p]recor
810 1841 873 1906 hoc
896 1846 928 1906 ie
951 1876 996 1886 -
1103 1921 1106 1928 ,

155 1968 229 2011 nam
252 1948 367 2012 meruit
390 1947 472 2013 haec
494 1948 595 2013 multa
617 1949 682 2014 suis
705 1969 764 2033 pro
787 1946 936 2013 laudibus
958 1968 979 2011 a
1001 1966 1052 2012 me
1075 1980 1119 1990 —

131 2054 323 2120 sinmeritae
346 2075 482 2140 propere
505 2056 681 2121 soluentem
705 2056 758 2121 fila
782 2055 924 2138 dearum,

155 2181 238 2243 quae
260 2161 357 2244 globo
380 2162 554 2227 Parcarum
577 2163 722 2227 reuoluta
746 2168 863 2227 cuncta
885 2162 1075 2245 gubernant.
1183 2154 1187 2185 ³

155 2268 258 2350 qualis
281 2270 365 2333 enim
388 2268 484 2334 fuerit
507 2269 586 2352 uita,
611 2266 706 2352 quarn
730 2267 847 2334 deinde
870 2267 999 2353 pudica,

154 2375 181 2440 si
203 2395 331 2460 possem
355 2376 457 2458 effari,
481 2375 607 2442 cithara
630 2375 766 2441 suadere
790 2396 852 2460 ego
875 2375 996 2440 Manes.

153 2480 237 2546 haec
258 2483 394 2567 primum
420 2490 519 2566 casta,
544 2488 621 2565 quot
643 2482 698 2567 tle]
723 2480 835 2547 audire
857 2482 995 2548 libenter

117 2614 144 2654 10
154 2593 187 2653 et
209 2588 320 2652 mundi
343 2589 459 2673 spatia,
484 2589 571 2654 Ditis
594 2608 721 2672 quoque
743 2589 844 2673 regia,
867 2595 994 2653 norunt.

153 2694 239 2759 hanc
261 2714 375 2780 precor
398 2695 518 2780 Elysiis
541 2696 652 2761 iubeas
676 2696 850 2761 consistere
874 2695 996 2780 campis

154 2807 187 2866 et
210 2809 315 2885 myrta
338 2801 487 2867 redimire
511 2802 642 2886 comla]s
665 2808 698 2867 et
719 2810 864 2887 tempora
886 2801 975 2866 flore.

153 2907 220 2973 Lar
242 2908 321 2972 mihi
343 2908 425 2975 haec
449 2908 619 2992 quondam,
644 2908 727 2974 haec
749 2928 833 2994 spes,
856 2908 938 2974 haec
960 2908 1056 2972 unica
1078 2908 1156 2990 uita,

153 3021 186 3079 et
209 3014 307 3080 uellet
331 3015 416 3098 quod
439 3015 565 3099 uellem,
589 3016 688 3082 nollet
712 3035 838 3098 quoque
861 3036 900 3081 ao
919 3015 946 3080 si
962 3034 1023 3098 ego
1038 3014 1170 3097 nollem,

116 3144 143 3185 15
152 3121 265 3187 intima
287 3122 377 3187 nulla
400 3123 429 3187 ei
454 3142 536 3204 quae
560 3143 623 3187 non
646 3122 725 3187 milii
747 3128 824 3187 nota
847 3121 946 3205 fuere,

152 3247 212 3293 neo
235 3228 326 3293 labos
350 3228 425 3294 huic
447 3227 560 3312 defuit,
583 3248 644 3294 nec
666 3229 819 3295 uellerum
843 3229 945 3294 inscia
967 3228 1031 3312 iila,

152 3353 252 3418 parca
274 3355 371 3400 manu
394 3340 443 3400 set
465 3335 559 3419 larga
581 3355 653 3400 meo
677 3335 711 3400 in
734 3355 842 3400 amore
865 3335 983 3418 mariti,

152 3458 213 3504 nec
236 3440 304 3505 sine
326 3460 378 3505 ine
401 3440 491 3507 cibus
515 3441 589 3507 huie
611 3447 723 3525 gratus
746 3461 806 3506 nec
828 3460 960 3506 munera
983 3441 1117 3526 Bacchi,

155 3546 287 3611 consilio
310 3547 401 3629 mira,
426 3553 639 3631 patamonis,
664 3548 764 3613 nobili
786 3546 883 3613 fama.
