2648 3886
166 151 224 206 270
608 163 747 204 unorum

242 309 269 363 A
288 310 305 363 2
323 325 432 364 uersus
451 310 605 364 abnormis
624 315 658 364 ut
678 309 848 434 complures
867 311 926 378 alii,
953 312 1072 364 nescias
1091 311 1186 380 igitur

167 397 212 435 an
238 386 373 450 praestet
361 378 493 436 t‘simili
513 380 640 451 fideque.
676 386 706 435 et
728 382 761 434 in
786 381 851 435 aliis
875 382 961 435 metri
984 383 1122 435 tenacior
1140 383 1186 436 fui

168 467 263 522 quam
282 453 460 522 scriptorem
479 454 573 507 luisse
592 452 693 518 eredo,
712 452 818 506 uelut'
810 468 842 505 ιιι
855 452 873 506 3
885 452 1056 506 meliust
1011 457 1056 506 est
1071 451 1185 507 misero

166 526 251 578 sorte
270 539 293 577 e.
430 524 447 577 3
466 521 561 594 palia]
581 522 665 593 qalot
666 538 725 592 quo
727 522 757 591 tl,
777 528 841 577 tum
859 522 878 575 4
896 521 1072 604 quilslqluis
1090 525 1186 605 bonos⁸

166 592 310 662 thallami
333 594 444 649 dabam
469 595 668 678 experiunda,
693 594 852 663 descripsit
876 592 995 664 Cagnat
1018 593 1069 648 sira
1075 632 1136 648 .....
1142 592 1186 649 mi

166 667 254 720 stato
273 681 382 720 uerum
400 670 491 719 natus
510 667 653 735 numquis
671 665 771 733 fueln't,
802 665 907 719 dubito
932 670 1057 735 propter
1083 666 1186 721 dictio·

171 751 240 792 nem
260 735 326 792 04.
358 737 498 790 morbum
517 737 659 791 tabemue
678 737 811 791 mulieris
831 738 932 806 cogito

243 807 267 860 B
287 807 472 862 discissum
464 823 496 860 ιιι
515 808 591 862 duas
611 807 775 878 particulas
799 822 879 876 quae
902 807 1054 876 quomodo
1080 808 1186 862 cohae-

170 880 267 933 serint
286 879 417 933 ostendit
435 876 495 933 sim
498 876 581 948 {polic-
699 878 716 931 2
734 878 752 932 3
771 894 869 948 paene
887 880 1068 947 pentametri

166 950 190 1003 4
209 950 362 1018 adsumpsi
382 951 575 1003 frustulum
567 955 605 1004 ist
594 949 712 1003 t..tud
700 951 824 1004 temno..
842 950 846 1016 Ι
864 949 980 1018 ..mfif..
1001 965 1186 1018 quamquam

172 1022 420 1090 posteriorest
387 1021 503 1076 litteras
533 1021 573 1075 ad
606 1025 676 1091 post
664 1022 758 1075 terius
792 1021 1013 1076 hemistichium
1041 1020 1186 1075 adhibere

172 1107 212 1146 ne
234 1107 277 1145 ιιιι

214 1107 266 1218 qC
286 1163 303 1217 3
327 1163 471 1217 recordor
490 1165 646 1232 passiuum
671 1168 744 1232 puto
768 1163 858 1232 quale
876 1162 993 1217 Nonius
1013 1166 1043 1216 et
1061 1162 1186 1216 Priscia-

168 1248 231 1288 nus
250 1238 416 1288 testantur:
445 1236 469 1289 si
494 1236 631 1304 tetigisse
655 1234 835 1288 recordaris.
876 1233 944 1288 olim
966 1233 1052 1302 facta
1072 1234 1187 1288 editum
1269 1250 1273 1255 ·

168 1309 227 1372 est,
246 1305 318 1359 inde
335 1305 480 1359 recondas
500 1304 689 1360 Studemund
819 1304 1035 1358 inaniorem.
1063 1321 1125 1359 non
1143 1306 1187 1359 ui·

169 1376 263 1430 detur
281 1378 394 1446 pignus
412 1377 570 1444 reliquisse
588 1377 607 1429 i.
628 1381 733 1430 natum

645 1573 708 1638 561

168 1696 272 1762 Casta
294 1695 413 1781 pudica
437 1697 482 1762 sui
505 1696 686 1762 Mnesithea
711 1696 819 1781 [b]ona
842 1698 956 1762 marito

172 1801 291 1868 infide
315 1823 379 1887 qua
401 1804 514 1889 potu[i]
538 1804 670 1869 Aurelia
693 1805 841 1886 coniunx,

173 1910 228 1992 qui
251 1931 375 1976 mecum
400 1911 468 1977 sine
492 1911 548 1976 lite
571 1911 632 1976 suit
654 1911 802 1993 ninilque
825 1911 950 1993 meritc,

93 2098 96 2104 ¹
172 2022 265 2082 natos
288 2018 410 2082 amauit
432 2037 496 2082 una
518 2037 653 2101 mecum,
678 2025 710 2083 et
732 2018 802 2082 laus
826 2016 1003 2099 referenda,

144 2122 364 2207 sRogatiane,
388 2124 458 2189 tibi.
494 2125 562 2189 uixi
585 2125 741 2190 festinans
763 2124 872 2189 uiuere
895 2144 1031 2209 semper.

243 2300 381 2355 Renier
373 2316 462 2355 mser.
476 2299 545 2371 Alg
557 2301 638 2369 4158,
658 2299 730 2356 CIL.
741 2300 796 2355 VII
798 2300 812 2353 Ι
826 2300 896 2355 7228
996 2302 1028 2354 in
1041 2301 1188 2355 suburbio

176 2370 313 2497 Cirtelng}
324 2442 386 2510 546,
398 2459 419 2498 s
439 2445 579 2513 exemplo
590 2445 685 2498 fuisse
695 2447 785 2512 putes
795 2441 892 2513 dopna
902 2445 929 2497 et
941 2444 1092 2497 matrona.
1112 2442 1189 2496 duas

176 2514 283 2568 deesse
292 2514 407 2569 litteras
417 2514 527 2569 Renier
539 2515 687 2569 indicauit
697 2519 731 2568 ut
742 2514 827 2568 dubit
816 2523 862 2569 ets
873 2517 1018 2568 mairona
1030 2514 1189 2594 conligatis

175 2587 279 2654 primis
297 2585 404 2640 litteris
422 2601 462 2639 an
482 2586 561 2639 boae
581 2587 658 2654 lapis
676 2586 818 2639 habuerit
926 2582 1061 2653 ipotuit
1049 2584 1190 2638 tRenier

171 2656 333 2725 suppleret
449 2656 467 2709 3
484 2654 597 2711 marato
616 2672 671 2726 pro
690 2656 806 2710 marita
824 2656 909 2711 uidet
897 2661 947 2710 tur
967 2655 1103 2709 additum
1123 2670 1190 2709 esse

171 2728 346 2853 -quobprcimi
364 2741 474 2851 usfisus
492 2742 556 2782 uox
575 2725 885 2866 ιῑιιιίιιὲιέιῖθιηιῖιὶιο
883 2725 939 2809 qai
961 2724 1192 2851 meoemtuioeit·

164 2849 246 2923 ,we
265 2814 406 2937 saffiro
429 2813 518 2852 1anus
537 2800 612 2853 insr
770 2815 792 2852 ιι
822 2796 956 2867 incipias
972 2813 1192 2853 cameracus

653 2995 719 3060 562

175 3120 280 3184 Mater
302 3140 417 3186 nornen
440 3139 528 3185 eram
552 3126 654 3185 mater
676 3139 741 3185 non
763 3119 836 3203 lege
859 3119 977 3201 futura,

177 3227 317 3308 quinque
340 3226 458 3292 etenim
482 3227 568 3292 solos
592 3247 692 3292 annos
714 3225 835 3291 uixisse
859 3225 984 3290 fatebor

177 3336 211 3397 et
232 3351 358 3399 menses
381 3339 504 3418 septem
528 3332 641 3400 diebus
665 3353 736 3398 eum
760 3332 842 3399 uinti
866 3332 1000 3398 duobus.

178 3435 253 3501 dum
277 3438 345 3503 uixi
368 3439 439 3524 lusi,
463 3459 532 3506 sum
557 3441 679 3505 cunctis
702 3460 828 3524 semper
851 3445 968 3505 amata.

149 3563 250 3608 snam
273 3546 364 3629 pueri
387 3546 519 3631 uoltum,
543 3567 607 3613 non
631 3547 759 3630 femine,
784 3545 891 3630 crede,
915 3547 1079 3630 gerebam,
