2648 3886
575 204 763 244 HEXAMETRI

61 362 63 367 ⁴
131 351 250 419 rfletus
274 348 499 416 duodecimum
523 350 608 435 [cnm
631 352 728 417 Ianus
751 359 890 417 sumeret
914 359 1029 437 ortum,

157 456 305 524 conditus
328 457 454 523 Arbitio
478 457 602 542 oo[nsul
626 477 697 523 cum
721 458 854 524 duceret
877 479 1003 525 annum.

227 634 314 689 Rossi
332 634 421 688 inser.
442 634 541 689 christ.
561 634 646 688 Rom.
666 634 741 703 176,
762 634 814 689 127
833 636 886 704 qui
905 636 1040 706 expleuit

121 723 124 727 ¹
155 706 268 776 prodiit
289 721 328 760 ex
348 704 480 775 praediis
499 703 726 761 Amarantienis
744 708 797 760 uia
815 704 984 761 Ardeatina
1086 724 1172 778 prae-

131 786 132 790 ’
155 777 301 846 scriptum
321 793 338 829 α
358 777 406 843 Χρ.
426 793 450 830 ω
470 781 499 831 et
518 779 672 845 utrimque
691 792 778 832 secus
797 775 831 831 in
849 776 972 833 nomine
993 777 1053 847 [dei

226 848 244 901 3
269 846 374 918 quinis
398 845 533 903 constit't
556 846 649 902 annis
668 848 801 915 Rossius‚
832 851 884 918 qni
907 865 1054 905 numerus
1078 852 1171 905 nimio

155 921 252 973 maior
270 919 401 973 uidetur.
430 920 529 989 potuit
542 921 665 989 quattor
772 919 987 989 dprncrfpt..
1006 921 1093 991 lapis
1115 937 1172 976 em.

92 1052 96 1058 ,
154 990 338 1047 Mercklinus
447 991 463 1044 6
483 1005 563 1044 anno
583 990 636 1045 355
655 989 814 1045 Arbitione
834 996 863 1046 et
881 989 1019 1047 Loiliano
1040 991 1112 1062 cos}

634 1169 697 1234 661

154 1294 290 1378 Semper
312 1293 353 1358 ob
377 1293 524 1357 meritum
547 1293 649 1359 uineis
672 1294 845 1378 praeconia
868 1293 974 1360 laudis

154 1400 197 1466 Et
221 1401 307 1464 bone
329 1400 499 1484 progenies
523 1405 655 1482 quaeret
678 1407 735 1465 tua
757 1385 854 1467 fortia
877 1401 980 1484 facta,

154 1505 273 1572 Rerum
297 1526 420 1572 summe
443 1526 535 1572 coros
558 1507 671 1572 melius
694 1507 892 1574 exercendos
916 1507 1069 1592 [d]o[e]et.

148 1614 244 1679 'Belle
268 1612 397 1696 quidem
420 1620 476 1679 tue
499 1634 540 1680 ex
564 1612 675 1681 ordine
698 1620 792 1698 geste
814 1636 978 1681 naremus:

9 1720 11 1759 ³
112 1721 224 1796 *olem
247 1741 298 1785 me
321 1722 430 1785 uincet
453 1741 552 1803 amor,
575 1740 699 1803 nequeo
722 1728 832 1787 tenere
856 1720 1009 1788 dolorem.

9 1814 10 1817 ¹
154 1826 260 1891 Laeta
284 1826 413 1909 quidem
436 1847 562 1912 semper
584 1827 703 1892 Felicis
726 1828 854 1893 nomine
878 1828 986 1912 ducta,

155 1932 288 1998 Laetior
310 1938 345 1998 ut
368 1935 447 1999 essis
471 1934 549 1998 ineis
572 1934 604 1997 in
628 1953 710 2017 pace
732 1932 847 2015 fidelis

155 2039 235 2104 Abis
259 2044 294 2104 ut
317 2038 426 2105 decuit
449 2039 569 2104 Felicis
591 2059 673 2124 pece
696 2060 879 2124 perennem.

227 2213 298 2270 CIL.
318 2215 347 2268 X
367 2216 435 2271 1338
454 2216 532 2270 uidit
550 2216 716 2270 Mommsen
804 2216 932 2271 Cimitile
951 2233 1046 2287 prope
1065 2217 1174 2277 Nolam

155 2288 187 2340 in
206 2285 235 2341 S.
255 2286 364 2342 Felicis
473 2289 677 2357 subscriptum
699 2286 831 2354 Eusebio
851 2290 878 2341 et
904 2287 1009 2357 Ypato'o
1029 2304 1104 2344 coss,
1124 2290 1172 2344 de-

150 2356 279 2427 piosita)
299 2359 334 2413 in
351 2359 448 2426 p(ooe)
472 2359 514 2414 VI
529 2359 589 2413 kal.
603 2360 670 2413 Ion.
691 2375 771 2413 enno
791 2359 853 2414 359.
884 2358 1031 2414 Seruillae
1050 2363 1173 2415 acrosti-

155 2428 235 2482 chon
254 2431 384 2498 agnouit
403 2429 606 2484 Mommsenus

227 2500 359 2569 2fortia
375 2500 462 2569 facta
480 2500 514 2555 V.
533 2500 609 2556 Aen.
627 2501 655 2555 X
674 2501 727 2555 369
746 2508 749 2514 ’
868 2501 886 2554 3
906 2502 938 2554 in
958 2501 1042 2556 caelo
1063 2503 1173 2557 choros

153 2569 294 2624 meliores
314 2573 480 2626 exercebis.
517 2587 626 2627 uersus
651 2573 780 2641 requirit
802 2570 911 2626 melios
931 2569 1017 2626 dabit
1035 2588 1173 2628 exercere·

153 2640 220 2695 doc.
255 2644 344 2709 posui
368 2642 451 2696 docet
469 2642 646 2698 Mommseni
665 2644 824 2698 lectionem
843 2647 965 2697 secutus
984 2645 1063 2698 hene
1082 2644 1172 2714 inflet.

154 2713 367 2780 interpolando
396 2713 471 2767 deus
493 2712 602 2768 melius
622 2714 781 2782 parcendo
805 2715 927 2769 reducet
951 2714 1172 2771 Remondinius

155 2783 271 2836 fecerat
396 2784 414 2837 4
431 2800 486 2854 pro
505 2801 717 2840 narraremus.
746 2786 911 2854 simplicem
929 2802 947 2838 r
966 2788 998 2840 in
1017 2802 1054 2841 eo
1074 2789 1170 2842 uerbo

154 2852 251 2907 Varro
275 2854 419 2923 probauit
445 2855 558 2924 aliique
582 2855 802 2937 (cinxisse
826 2855 914 2911 cuius
931 2856 1018 2925 facto
1044 2856 1172 2945 onerari

153 2927 374 3076 popuptzsspgtlp)
382 2997 413 3050 in
426 2925 906 3078 madidrwddddmudddztpdrndddndd
918 2928 976 3051 ἕποι’
986 2927 1077 3053 τξθξίῗ
1085 2998 1171 3054 Felix

226 3068 243 3121 8
262 3068 329 3122 abts
348 3067 451 3121 hebes,
474 3082 623 3136 perennes
643 3069 713 3123 olim
733 3069 890 3134 edebatur,
909 3068 950 3122 IR
980 3110 986 3122 .
1005 3069 1076 3123 2053

632 3248 699 3312 662

153 3370 244 3435 Haeo
267 3370 411 3454 aete]rna
435 3369 548 3436 domus
571 3371 605 3435 in
620 3391 684 3454 qua
699 3391 784 3436 nunc
799 3372 871 3456 ipse
892 3391 1005 3436 secura
1022 3371 1171 3456 quiescis,

154 3481 188 3539 at
210 3481 284 3542 tuus
306 3476 340 3541 in
364 3477 465 3561 caelo]
490 3476 620 3561 spiritus
644 3499 664 3543 a
688 3498 784 3543 cerne
808 3476 963 3544 recedens

153 3581 234 3646 uiuit
258 3584 340 3668 cum]
366 3584 487 3650 sanctis
510 3605 568 3670 pro
592 3584 714 3650 meritis
737 3592 771 3650 et
794 3605 894 3670 opere
916 3592 1017 3668 tante,
