2646 3884
139 179 156 233 8
569 195 718 237 sarvnuu

138 336 239 394 aelius
268 338 319 394 On.
346 338 371 408 f.
398 339 450 394 Oa.
473 357 503 394 o.
535 340 639 411 Scipio
668 343 720 412 qui
749 357 809 411 qua
837 347 939 397 aetate
966 343 1058 398 inerit
1090 358 1153 397 non

139 414 266 466 constat.
290 410 463 466 Viscontius
489 412 583 468 filium
605 413 732 484 Hispalli
758 429 825 468 esse
853 414 980 482 sumpsit
1009 415 1075 467 eins
1101 415 1153 483 qni

140 482 246 538 consul
269 482 344 536 obiit
370 487 497 538 mortem
516 498 543 538 a.
563 500 593 539 1.
612 485 673 553 578,
702 487 829 539 fratrem
856 486 1004 540 minorem
1024 484 1153 554 Hispani

139 554 289 623 praetoris
307 569 333 608 a.
344 553 405 623 616,
423 553 627 610 Mommsenus
645 572 736 625 posse
755 558 844 610 etiam
865 555 904 610 de
921 555 1049 625 Hispani
1062 556 1153 609 huius

138 624 199 679 fillo
226 625 355 695 cogitari
374 625 542 682 adnotauit.
562 629 703 697 argutiae
722 628 875 682 oratoriae
894 627 934 680 ad
951 627 1071 696 septimi
1089 641 1154 681 sae·

138 695 199 751 culi
209 697 297 750 initia
309 695 426 750 ducunt
575 698 592 751 3
612 715 675 752 non
688 699 831 754 honestas
848 698 902 752 sed
916 698 981 752 uita
996 698 1094 752 defuit
1113 696 1153 752 ad

140 782 176 821 ca
199 767 362 822 essendum
374 768 521 823 honorem
531 770 654 833 (honore
665 770 871 835 accusatiuus)
1011 769 1153 839 bonatus

138 838 168 893 X
216 836 246 892 is
263 836 350 893 l..cis
377 840 421 893 ita
448 845 483 894 ut
510 846 598 894 sexta
626 856 645 895 a
663 841 725 895 fine
752 841 852 895 littera
872 845 902 894 et
929 839 1092 894 Ritschelio
1121 844 1152 894 et

139 910 211 964 mihi
229 910 260 964 in
281 915 392 979 ectypo
405 912 473 965 uisa
485 912 524 965 sit
536 912 627 966 etiam
640 928 696 981 pro
712 912 910 981 dsemiplena
929 911 1034 965 haberi
1054 926 1152 980 posse.

138 985 326 1051 temptarunt
337 979 454 1047 terreis,
464 981 554 1037 laudi
563 985 616 1049 est,
625 984 682 1037 leto
691 985 744 1049 cst,
756 980 876 1049 Dimisi,
889 979 1005 1036 iar-ucis
1014 982 1152 1052 uestigiis

138 1051 248 1122 lapidis
270 1067 308 1106 ac
335 1053 504 1108 sententiae
532 1055 693 1122 contraria,
711 1052 802 1109 loccis
822 1053 1026 1107 Mommsenus
1044 1054 1093 1117 (ci.
1112 1053 1153 1106 lo

137 1123 241 1178 colion
268 1124 487 1193 sepulcralem),
507 1141 566 1195 ego
586 1126 661 1181 deos
679 1125 783 1180 Manes
802 1125 946 1193 intellego
1085 1123 1102 1178 6
1121 1123 1152 1177 id

138 1198 184 1250 est
202 1195 348 1250 honorem
374 1211 464 1264 quem
492 1212 554 1251 non
574 1198 734 1267 acceperit,
760 1202 795 1250 ut
813 1196 985 1251 Viscontius
1008 1196 1153 1264 interpre-

138 1270 228 1320 tatur.
258 1265 438 1321 Ritschelius
456 1268 520 1322 ‘cur
536 1269 636 1323 minus
656 1269 763 1323 honori
786 1270 824 1321 sit
847 1267 1031 1334 mandatus',
1060 1281 1152 1335 quam

137 1337 318 1391 sententiam
345 1339 502 1418 eleganter
520 1338 735 1392 Lachmannus
759 1340 909 1408 expressit
928 1337 1028 1401 (Lucr.
1047 1354 1075 1407 p.
1088 1336 1152 1401 245)

138 1408 251 1462 honore
269 1406 341 1476 quei
358 1423 462 1462 manus
481 1407 522 1463 sit
539 1411 666 1476 mactus,
687 1414 843 1478 tamquam
857 1408 1071 1477 quadratarius
1085 1423 1154 1476 per·

137 1493 242 1549 peram
260 1478 428 1533 1111111111
445 1481 593 1546 iterasset,
613 1481 712 1549 potuit
730 1480 881 1533 1111111111

626 1624 667 1687 10

209 1728 292 1782 alind
306 1729 338 1782 in
347 1726 521 1799 Scipionum
532 1730 670 1799 sepulcro
681 1730 887 1798 fragmentum
897 1728 990 1781 trium
1003 1740 1150 1780 uersuum

137 1799 289 1853 clausulas
307 1801 400 1855 habet
419 1800 491 1855 CIL.
505 1800 519 1854 I
533 1801 568 1855 37
582 1818 611 1871 p.
621 1800 665 1869 21,
684 1799 789 1854 PLME
807 1798 861 1854 XL
878 1799 914 1865 H,
934 1798 1022 1867 primi
1041 1812 1056 1851 s
1074 1797 1150 1850 litte·

137 1886 211 1937 ram,
231 1871 357 1925 secundi
376 1869 570 1942 Sermonem,
599 1874 679 1927 tertii
699 1871 769 1943 palo
793 1872 836 1926 ad
864 1868 974 1925 uciaeei.
1012 1873 1149 1924 mortuus

136 1942 231 2066 igitur
249 1943 332 2011 quod
350 1944 415 2012 ipse
434 1944 562 2013 loquens
586 1944 720 2014 fingitur,
749 1943 948 2013 probabiliter
970 1940 1150 1994 Ritschelius

137 2013 271 2067 iamrnil
291 2015 432 2069 carminis
452 2030 519 2070 esse
538 2016 639 2069 exitus
659 2016 796 2069 coniecit.
834 2013 1025 2084 iungendum
1047 2011 1151 2082 quoad

625 2157 663 2220 11

137 2261 209 2327 Hoc
232 2267 281 2327 est
304 2261 425 2327 factum
448 2259 695 2347 monumentum!
721 2262 850 2326 Maarco
874 2257 1032 2347 (1111111111

137 2369 264 2454 hospes,
276 2375 404 2451 gratum
414 2376 463 2435 est
474 2389 569 2457 quom
579 2367 664 2453 apud
679 2365 682 2455 1
696 2388 784 2434 meas
832 2366 998 2433 111111111θί
1012 2361 1148 2453 seedestl

137 2476 219 2541 bene
242 2495 308 2541 rem
331 2491 427 2560 geras
450 2483 483 2540 et
506 2471 634 2560 ualeaal
666 2474 806 2540 dormias
829 2474 897 2539 sine
921 2493 1011 2556 qura.

208 2652 280 2709 CIL.
299 2652 314 2706 I
333 2652 403 2706 1006
413 2669 461 2792 Rp
468 2651 522 2705 218
546 2650 587 2705 VI
606 2651 702 2719 13696,
721 2649 827 2704 PLME
842 2648 940 2703 LXIX
950 2649 977 2703 D

137 2724 252 2780 Romae
278 2726 310 2778 in
337 2725 389 2777 uia
463 2725 522 2792 pia.
570 2722 739 2777 litterarum
771 2722 887 2775 formae
923 2725 953 2775 et
985 2721 1151 2790 geminatio

137 2796 291 2850 uocalium
318 2800 347 2849 et
370 2809 451 2863 pura
471 2792 607 2847 Acciana
630 2798 767 2862 tempora
792 2792 934 2862 produnt.
967 2792 1151 2862 cognatione

137 2866 174 2921 M.
187 2865 351 2922 Caecilium
369 2865 507 2934 attigisse
534 2864 657 2919 uidetur
685 2864 718 2928 Q.
738 2862 887 2918 Caecilius
914 2864 998 2918 nullo
1022 2861 1151 2930 insignis

138 2938 319 3008 cognomine
347 2936 516 2990 auonculus
544 2934 650 3002 Attici,
683 2949 773 3004 quem
801 2936 832 2988 in
859 2937 1055 2989 monumento
1084 2933 1151 2987 eius

138 3010 225 3063 iuxta
243 3009 326 3062 uiam
343 3007 474 3077 Appiam
493 3006 594 3076 Nepos
613 3007 656 3060 ait
675 3006 827 3076 sepultum

626 3152 667 3215 12

140 3258 222 3324 Heic
245 3265 293 3324 est
316 3257 396 3323 situs
420 3256 620 3342 Q]ueinctius
655 3257 755 3323 Gaius
778 3259 948 3341 Protymus

139 3365 290 3431 ameiceis
312 3364 448 3449 sulmma
486 3384 561 3447 qum
584 3363 680 3430 laude
702 3363 867 3448 probatus,

140 3472 253 3555 quoius
276 3471 452 3556 ing]enium
475 3470 620 3536 declarat
654 3471 786 3556 pictatis
809 3469 955 3535 alumnus

140 3577 240 3668 Gaius
264 3577 464 3662 Queincpius
501 3577 624 3661 Valgus
647 3583 809 3663 patronus.
