2650 3882
543 173 731 214 HEXAMDTBI

130 326 235 394 Notus
256 324 290 389 in
312 324 390 389 urbe
413 343 507 389 saera
530 319 700 387 uendenda
722 320 808 406 pelle
832 322 974 407 caprina,

130 430 273 497 Exhibui
297 449 418 496 merces
441 429 649 514 popularibus
673 428 782 493 usibus
805 434 908 514 aptas,

130 537 219 603 Rara
241 536 321 602 fides
345 535 435 602 euius
457 535 590 600 laudata
612 541 662 600 est
685 541 810 619 semper
832 535 961 617 ubique.

106 643 206 709 aVita
230 648 325 708 ueata
347 642 419 725 fuit,
442 642 544 708 struxi
567 640 644 706 mihi
668 661 837 721 marmora,
860 640 925 705 feei

131 749 261 832 Seeure,
285 749 367 814 solui
390 767 516 833 semper
539 747 661 813 fiscalia
684 766 846 832 manceps,

130 856 169 921 In
193 855 317 921 eunetis
339 853 475 940 simplex
500 853 727 937 contractibus,
751 841 897 919 omnibus
919 873 1040 937 aequus

130 962 174 1027 Vt
196 962 297 1047 potui,
320 981 381 1026 nee
403 981 467 1025 nou
491 959 625 1026 subueni
648 978 747 1044 saepe
769 960 901 1044 petenti,

132 1069 266 1155 Semper
286 1068 489 1150 honorificus,
513 1086 639 1152 semper
662 1065 838 1132 eommunis
860 1066 983 1133 amieis.

94 1202 121 1242 ιο
130 1176 233 1243 Maior
256 1175 387 1260 adlhue]
411 1174 465 1240 hie
480 1173 585 1240 laudis
607 1173 719 1258 honor,
743 1173 850 1259 potior
867 1194 993 1258 quoque
1009 1173 1145 1257 cunetis,

10 1278 13 1289 ’
130 1284 205 1368 Ipse
227 1283 307 1348 meis
331 1279 416 1365 quud
440 1281 591 1347 constitui
614 1280 772 1346 tutamina
794 1281 945 1346 membris

130 1388 237 1473 Talia,
261 1408 323 1471 que
345 1388 410 1453 feei
431 1407 495 1453 uun
518 1394 584 1453 tum
607 1386 686 1453 milri
709 1385 863 1473 prouidus
886 1386 951 1471 uui,

130 1496 292 1562 Heredum
316 1514 441 1578 quoque
465 1515 543 1561 eura
565 1495 636 1560 fuit.
671 1501 760 1561 tenet
784 1495 891 1560 omnia
913 1515 1031 1570 seeum,

130 1602 180 1668 Re
202 1601 332 1687 propria
355 1601 546 1685 quicumque
568 1603 664 1668 iaeet.
699 1621 750 1668 me
773 1602 860 1668 tuma
882 1602 1043 1685 loquetur:

94 1734 120 1775 rs
129 1708 320 1794 Exemplum
344 1706 449 1773 laudis
471 1708 538 1773 uixi
562 1707 638 1773 dum
661 1708 730 1773 uita
752 1710 913 1791 manebat,

132 1814 297 1881 Sollicitus
319 1814 427 1881 multis
449 1815 590 1898 requiem
614 1814 678 1880 feei
701 1835 828 1898 quoque
850 1816 968 1881 multis.
1022 1836 1026 1845 ’

203 1973 338 2028 Fabretti
357 1973 419 2039 634,
431 1972 485 2027 290
503 1972 575 2029 CIL.
589 1972 632 2027 IX
643 1972 715 2028 4796
734 1988 773 2029 ex
786 1974 913 2041 schedis,
932 1989 1002 2028 nam
1021 1975 1147 2030 uidetur

132 2046 267 2114 periisse.
297 2044 359 2099 AL.
372 2043 539 2099 Burmanni
557 2044 597 2098 lV
609 2044 671 2110 322,
690 2045 805 2114 Meyerl
818 2044 888 2099 1412
981 2045 1052 2100 Feri
1064 2045 1144 2102 Noui

132 2115 310 2197 (Magliano)
328 2117 361 2169 in
373 2114 494 2171 Sabinis
594 2117 814 2186 praescriptum
832 2117 862 2171 d.
877 2117 919 2170 M.
934 2116 963 2171 is
981 2114 1071 2171 euius
1085 2132 1147 2198 per

133 2189 236 2256 σαρκία
260 2203 422 2242 uersurum
444 2202 554 2242 nornen
577 2188 760 2255 declaratur,
783 2187 857 2257 feeit
879 2202 911 2242 se
928 2185 1021 2242 uibus
1038 2186 1098 2242 sibe
1117 2189 1145 2241 et

133 2256 200 2314 suis
218 2257 359 2313 ornatuum
371 2256 489 2313 libertis
501 2257 725 2329 libertatesque
733 2257 926 2329 posterisque
939 2273 1051 2317 eorum.
1076 2259 1144 2313 sub·

133 2330 278 2399 scriptum
297 2331 333 2383 L.
352 2328 506 2385 Nerusius
524 2327 653 2384 Mithres

204 2401 222 2455 3
242 2398 346 2455 exedat
365 2416 436 2470 pars
455 2405 614 2455 auctorum
750 2400 768 2455 5
784 2399 846 2469 feei
865 2400 1053 2470 apographa,
1070 2397 1147 2470 feeit

133 2485 228 2525 nuum
241 2486 355 2526 eorum.
383 2472 445 2525 noli
458 2476 578 2526 mutare
592 2470 669 2538 teeti,
682 2486 753 2525 num
765 2469 828 2540 feei
841 2486 944 2526 secure
958 2475 1003 2525 est
1015 2486 1071 2540 pro
1084 2473 1143 2541 egi,

133 2542 199 2596 uixi
300 2542 335 2595 10
353 2541 453 2596 adhue
471 2541 520 2597 trie
537 2544 657 2612 scripsi:
677 2540 768 2596 adtrt‘c
788 2543 919 2596 traditur
934 2542 1017 2596 unde
1036 2542 1078 2596 ad
1096 2540 1146 2597 trie

135 2615 188 2665 aut
207 2611 307 2666 adhue
330 2614 391 2666 stat
410 2613 578 2667 effecerunt
591 2613 787 2668 emendantes
887 2613 921 2666 11
940 2610 1167 2668 tumulamirra

134 2681 223 2734 Febr.
325 2682 359 2735 12
377 2698 435 2752 que
451 2699 547 2738 unum
560 2699 667 2754 apogr.
684 2682 739 2754 qui
757 2683 895 2754 plurima.
924 2684 993 2738 ‘tam
1012 2684 1145 2754 amplum

136 2766 227 2820 quam
245 2752 333 2807 uides
346 2754 536 2823 sepulcrum',
555 2770 595 2809 ne
608 2755 780 2825 coniungas
792 2752 927 2824 taliaque
1027 2754 1062 2808 14
1080 2753 1145 2826 qui·

134 2837 194 2878 eurr
216 2821 678 2952 ueAsacitxparsffixemplarlum
813 2826 847 2880 15
865 2827 940 2881 dum
957 2841 987 2880 a.
1004 2827 1149 2881 manebat

135 2899 182 2949 ter
227 2934 234 2949 .
282 2909 329 2949 en.
393 2901 424 2950 et

607 3004 674 3070 438

134 3128 254 3214 Aspiee
276 3128 473 3214 praeteriens
495 3128 744 3215 m0[numentum
767 3135 801 3194 et
822 3129 953 3214 perlege
975 3147 1097 3210 uersus,

135 3235 179 3302 Vt
201 3255 316 3303 roseas
339 3235 436 3302 fuerit
458 3241 595 3320 quantus
704 3283 711 3301 .
821 3285 829 3302 .
940 3284 947 3301 .

133 3341 185 3408 De
208 3342 317 3427 paruis
339 3343 434 3409 rebus
457 3362 586 3409 sensum
704 3391 711 3407 .
822 3392 830 3408 .
940 3391 948 3407 .

134 3447 177 3513 Iit
199 3449 325 3534 patriae
349 3449 469 3516 elerum
493 3448 604 3535 duleus
704 3499 711 3515 .
822 3499 830 3514 .
940 3499 947 3515 .

111 3554 238 3624 allatus
260 3564 295 3622 at
318 3557 478 3640 eloquium
587 3605 595 3623 .
705 3607 713 3623 .
822 3608 830 3624 .
940 3606 948 3623 .
