2646 3884
610 191 737 232 snurarr
1144 176 1184 230 27

167 339 185 393 6
204 354 271 392 eom
289 339 530 407 monosyllabum
555 338 733 407 praesertim
759 353 826 391 cum
850 336 1007 391 decorauit
1024 337 1148 406 longam
1167 334 1185 389 i

167 410 280 464 habeat
298 411 329 462 in
349 410 450 479 lapide

651 585 695 652 bs

166 730 256 796 Heus
279 730 371 796 oculo
396 737 523 795 errante
547 730 620 812 quei
643 729 763 814 aspicis
786 729 842 794 leti
866 728 988 811 domus,

165 858 290 904 morare
313 858 457 922 gressum
481 845 513 903 ct
537 836 662 902 titulum
685 844 826 902 nostrum
849 837 991 921 perlege,

167 965 256 1010 amor
279 946 443 1029 parenteis
466 964 560 1027 quem
583 943 673 1008 dedit
696 951 791 1009 natae
815 964 901 1026 suae,

167 1052 242 1117 ubei
265 1071 300 1116 se
323 1050 479 1134 reliquiae
503 1051 708 1115 conlocarent
732 1053 884 1134 corporis.

143 1158 249 1224 sHeic
272 1157 385 1223 uiridis
408 1164 498 1223 aetas
522 1177 592 1223 cum
617 1155 744 1222 floreret
767 1157 889 1222 artibus

168 1271 332 1330 crescente
356 1271 388 1330 et
412 1284 492 1330 aeuo
516 1264 652 1348 gloriam
677 1264 916 1347 conscenderet,

165 1372 350 1456 properauit
373 1371 453 1437 hira
475 1370 576 1436 tristis
598 1371 706 1436 fatalis
729 1392 801 1436 mea

165 1485 197 1543 et
221 1478 396 1562 denegauit
419 1479 502 1542 ultra
526 1479 631 1544 ueitae
654 1479 810 1562 spiritum.

165 1583 272 1668 docta,
296 1584 421 1649 erodita
444 1604 547 1669 paene
570 1585 731 1651 Musarum
754 1606 859 1667 manu,

128 1712 249 1774 roquae
271 1691 367 1756 modo
390 1691 543 1756 nobilium
567 1690 660 1756 ludos
684 1691 835 1756 decoraui
860 1691 957 1757 choro

165 1805 198 1863 et
221 1818 341 1881 graeca
364 1797 397 1862 in
420 1818 538 1863 scaena
561 1799 662 1882 prima
686 1799 804 1881 populo
828 1798 973 1882 apparui.

165 1925 205 1969 en
227 1904 289 1969 hoo
313 1904 346 1968 in
369 1905 490 1969 tumulo
515 1905 654 1970 cinerem
677 1904 778 1969 nostri
803 1906 945 1988 corporis

165 2009 289 2075 infistae
313 2011 436 2075 Parcae
459 2009 665 2096 deposierunt
689 2011 839 2076 camnine.

165 2116 304 2182 studium
328 2122 492 2200 patronae,
517 2137 603 2198 eura,
628 2137 726 2201 amor,
750 2116 872 2201 laudes,
896 2116 996 2182 decus

128 2245 155 2287 15
164 2223 258 2288 silent
281 2224 427 2288 ambusto
451 2243 584 2308 corpore
608 2231 640 2288 et
663 2225 728 2289 leto
751 2231 870 2289 tacent.

165 2329 278 2412 reliqui
302 2329 411 2395 fletum
435 2336 513 2394 nata
535 2331 672 2414 genitori
695 2350 767 2396 meo

164 2443 197 2502 et
220 2437 387 2513 antecessi‚
411 2436 520 2519 genita
543 2444 625 2521 post,
650 2437 706 2501 leti
731 2437 827 2502 diem.

163 2545 213 2610 bis
235 2545 289 2609 hic
312 2546 436 2629 septeni
459 2564 584 2609 mecum
606 2543 730 2609 natales
755 2545 824 2608 dics

163 2652 304 2716 tenebris
329 2656 477 2715 tenentur
499 2650 587 2715 Ditis
610 2657 741 2715 aeterna
765 2649 870 2716 donru.

125 2777 242 2840 sorogo
265 2763 300 2821 nt
325 2757 496 2822 discedens·
518 2764 634 2822 terram
658 2757 736 2821 mihi
759 2757 850 2823 dicas
873 2758 986 2823 leuem.

235 2951 306 3007 CIL.
326 2952 340 3005 Ι
361 2952 429 3006 1009
449 2969 477 3021 p.
496 2952 549 3005 220
567 2952 608 3005 VI
629 2951 723 3018 10096,
743 2951 848 3005 PLME
867 2950 1001 3005 LXXXI.
1020 2950 1081 3006 AL.
1101 2951 1178 3005 Bur·

162 3024 266 3077 manni
285 3023 325 3076 IV
344 3023 405 3090 353,
428 3023 545 3091 Meyeri
566 3023 635 3076 1437
794 3022 918 3077 Romae.
953 3025 1175 3092 praescriptum

163 3092 318 3148 Eucherio
331 3091 471 3148 Liciniae
491 3094 510 3146 l.
524 3095 611 3147 docta
631 3091 749 3147 erodita
762 3108 865 3147 omnes
884 3096 965 3147 artes
983 3091 1074 3164 scirpo
1092 3092 1179 3148 aierit

163 3181 213 3219 art.
234 3166 337 3218 XIIII.
375 3170 513 3234 protome
532 3165 677 3234 inscripta
693 3167 809 3231 Εὔχαρις
822 3167 906 3217 Λικιν.
921 3170 1005 3218 extat
1024 3166 1056 3218 in
1068 3180 1175 3219 museo

162 3235 330 3290 Matriteusi
343 3235 427 3301 (CIL,
446 3236 460 3289 Ι
480 3236 549 3289 add.
562 3252 590 3304 p.
604 3235 676 3296 boll.
695 3236 837 3290 mulieres
849 3234 964 3289 Romae
981 3237 1014 3289 iu
1032 3250 1176 3289 scaenam

163 3308 286 3377 prodire
305 3306 440 3362 Sullana
450 3312 551 3361 aetate
571 3312 735 3375 coeperant
754 3321 855 3375 neque
874 3311 945 3361 ante
959 3305 1174 3362 Caesarianam

162 3379 322 3448 probabile
341 3384 387 3433 est
405 3393 550 3448 graecam
569 3393 711 3432 scaenam
724 3378 818 3431 fuisse
831 3377 992 3447 publicam,
1015 3393 1072 3431 nec
1089 3379 1175 3446 prius

161 3452 286 3518 recepta
300 3455 345 3505 est
357 3464 417 3504 usu
430 3450 525 3518 apicis
538 3454 619 3502 nota.
638 3445 745 3516 pociori
758 3448 808 3502 uel
817 3446 902 3516 posii
915 3450 1083 3518 perfectum
1096 3464 1125 3500 u.
1140 3448 1177 3501 13

161 3522 307 3588 frequens
334 3522 367 3574 iu
395 3520 547 3590 lapidibus
576 3527 644 3588 post
672 3518 822 3573 Catullum
854 3518 936 3573 docti
963 3519 1175 3589 repudiarunt.

161 3591 272 3645 domas
290 3593 350 3645 u.1
371 3597 400 3646 et
414 3591 447 3644 19
468 3591 634 3645 secundum
648 3595 785 3658 quartam
807 3589 1038 3644 declinationem
1058 3589 1174 3642 flexum
