<?xml version="1.0" encoding="UTF-8"?>
<!DOCTYPE html PUBLIC "-//W3C//DTD XHTML 1.0 Transitional//EN"
    "http://www.w3.org/TR/xhtml1/DTD/xhtml1-transitional.dtd">
<html xmlns="http://www.w3.org/1999/xhtml" xml:lang="en" lang="en">
 <head>
  <title>
</title>
<meta http-equiv="Content-Type" content="text/html;charset=utf-8" />
  <meta name='ocr-system' content='tesseract 3.04.00' />
  <meta name='ocr-capabilities' content='ocr_page ocr_carea ocr_par ocr_line ocrx_word'/>
</head>
<body>
  <div class='ocr_page' id='page_1' title='image "./anthologialatin00lommgoog_0478.png"; bbox 0 0 2634 3892; ppageno 0'>
   <div class='ocr_carea' id='block_1_1' title="bbox 563 159 752 199">
    <p class='ocr_par' dir='ltr' id='par_1_1' title="bbox 563 159 752 199">
     <span class='ocr_line' id='line_1_1' title="bbox 563 159 752 199; baseline -0.005 0"><span class='ocrx_word' id='word_1_1' title='bbox 563 159 752 199; x_wconf 71' lang='lat' dir='ltr'>Huxnmmuur</span> 
     </span>
    </p>
   </div>
   <div class='ocr_carea' id='block_1_2' title="bbox 628 308 693 373">
    <p class='ocr_par' dir='ltr' id='par_1_2' title="bbox 628 308 693 373">
     <span class='ocr_line' id='line_1_2' title="bbox 628 308 693 373; baseline -0.015 0"><span class='ocrx_word' id='word_1_2' title='bbox 628 308 693 373; x_wconf 87' lang='grc'>786</span> 
     </span>
    </p>
   </div>
   <div class='ocr_carea' id='block_1_3' title="bbox 149 431 1108 730">
    <p class='ocr_par' dir='ltr' id='par_1_3' title="bbox 149 431 1108 730">
     <span class='ocr_line' id='line_1_3' title="bbox 150 431 972 498; baseline -0.004 -1"><span class='ocrx_word' id='word_1_3' title='bbox 150 434 214 498; x_wconf 85' lang='lat' dir='ltr'>Hic</span> <span class='ocrx_word' id='word_1_4' title='bbox 237 433 316 498; x_wconf 87' lang='lat' dir='ltr'>situs</span> <span class='ocrx_word' id='word_1_5' title='bbox 340 432 459 498; x_wconf 83' lang='lat' dir='ltr'>Silbius</span> <span class='ocrx_word' id='word_1_6' title='bbox 483 432 640 498; x_wconf 88' lang='lat' dir='ltr'>ecclesiae</span> <span class='ocrx_word' id='word_1_7' title='bbox 663 438 795 497; x_wconf 88' lang='lat' dir='ltr'>sanctae</span> <span class='ocrx_word' id='word_1_8' title='bbox 819 431 972 496; x_wconf 82' lang='lat' dir='ltr'><strong>minister.</strong></span> 
     </span>
     <span class='ocr_line' id='line_1_4' title="bbox 149 538 992 624; baseline -0.004 -19"><span class='ocrx_word' id='word_1_9' title='bbox 149 544 304 624; x_wconf 76' lang='lat' dir='ltr'>expectat</span> <span class='ocrx_word' id='word_1_10' title='bbox 327 538 445 604; x_wconf 80' lang='lat' dir='ltr'>Christi</span> <span class='ocrx_word' id='word_1_11' title='bbox 469 558 530 623; x_wconf 93' lang='lat' dir='ltr'>ope</span> <span class='ocrx_word' id='word_1_12' title='bbox 552 559 660 604; x_wconf 89' lang='lat' dir='ltr'>rursus</span> <span class='ocrx_word' id='word_1_13' title='bbox 683 559 741 603; x_wconf 87' lang='lat' dir='ltr'>sua</span> <span class='ocrx_word' id='word_1_14' title='bbox 763 539 872 603; x_wconf 87' lang='lat' dir='ltr'>uiuere</span> <span class='ocrx_word' id='word_1_15' title='bbox 896 557 992 603; x_wconf 90' lang='lat' dir='ltr'>carne</span> 
     </span>
     <span class='ocr_line' id='line_1_5' title="bbox 149 644 1108 730; baseline -0.002 -19"><span class='ocrx_word' id='word_1_16' title='bbox 149 651 184 712; x_wconf 89' lang='lat' dir='ltr'>et</span> <span class='ocrx_word' id='word_1_17' title='bbox 207 645 328 730; x_wconf 82' lang='lat' dir='ltr'>gaudia</span> <span class='ocrx_word' id='word_1_18' title='bbox 351 646 432 711; x_wconf 87' lang='lat' dir='ltr'>lueis</span> <span class='ocrx_word' id='word_1_19' title='bbox 454 647 558 712; x_wconf 92' lang='lat' dir='ltr'>nobae</span> <span class='ocrx_word' id='word_1_20' title='bbox 582 646 652 730; x_wconf 90' lang='lat' dir='ltr'>ipso</span> <span class='ocrx_word' id='word_1_21' title='bbox 676 644 860 709; x_wconf 81' lang='lat' dir='ltr'>dominante</span> <span class='ocrx_word' id='word_1_22' title='bbox 883 644 1004 709; x_wconf 89' lang='lat' dir='ltr'>uidere.</span> <span class='ocrx_word' id='word_1_23' title='bbox 1106 718 1108 723; x_wconf 67' lang='lat'>,</span> 
     </span>
    </p>
   </div>
   <div class='ocr_carea' id='block_1_4' title="bbox 149 800 1167 1088">
    <p class='ocr_par' dir='ltr' id='par_1_4' title="bbox 149 800 1167 1088">
     <span class='ocr_line' id='line_1_6' title="bbox 224 800 1165 872; baseline -0.003 -13"><span class='ocrx_word' id='word_1_24' title='bbox 224 803 296 859; x_wconf 84' lang='lat' dir='ltr'><strong><em>CIL.</em></strong></span> <span class='ocrx_word' id='word_1_25' title='bbox 315 804 343 858; x_wconf 93' lang='lat' dir='ltr'>X</span> <span class='ocrx_word' id='word_1_26' title='bbox 362 804 432 859; x_wconf 82' lang='grc'>7972</span> <span class='ocrx_word' id='word_1_27' title='bbox 452 806 530 859; x_wconf 84' lang='lat' dir='ltr'>uidit</span> <span class='ocrx_word' id='word_1_28' title='bbox 542 804 706 859; x_wconf 86' lang='lat' dir='ltr'>Mommsen</span> <span class='ocrx_word' id='word_1_29' title='bbox 808 819 847 857; x_wconf 92' lang='lat' dir='ltr'>ex</span> <span class='ocrx_word' id='word_1_30' title='bbox 866 804 993 872; x_wconf 81' lang='lat' dir='ltr'>regione</span> <span class='ocrx_word' id='word_1_31' title='bbox 1006 800 1165 857; x_wconf 83' lang='lat' dir='ltr'>Sardiniae</span> 
     </span>
     <span class='ocr_line' id='line_1_7' title="bbox 149 874 1166 942; baseline -0.004 -13"><span class='ocrx_word' id='word_1_32' title='bbox 149 874 317 930; x_wconf 82' lang='lat' dir='ltr'>Turritana</span> <span class='ocrx_word' id='word_1_33' title='bbox 340 876 468 930; x_wconf 88' lang='lat' dir='ltr'>inlatum</span> <span class='ocrx_word' id='word_1_34' title='bbox 491 892 596 930; x_wconf 87' lang='lat' dir='ltr'>museo</span> <span class='ocrx_word' id='word_1_35' title='bbox 616 876 797 942; x_wconf 84' lang='lat' dir='ltr'>Caralitano,</span> <span class='ocrx_word' id='word_1_36' title='bbox 822 875 928 929; x_wconf 86' lang='lat' dir='ltr'>litteris</span> <span class='ocrx_word' id='word_1_37' title='bbox 952 875 1030 927; x_wconf 86' lang='lat' dir='ltr'>sexti</span> <span class='ocrx_word' id='word_1_38' title='bbox 1050 878 1103 926; x_wconf 87' lang='lat' dir='ltr'>aut</span> <span class='ocrx_word' id='word_1_39' title='bbox 1122 874 1166 926; x_wconf 92' lang='lat' dir='ltr'>in·</span> 
     </span>
     <span class='ocr_line' id='line_1_8' title="bbox 151 942 1167 1015; baseline -0.004 -15"><span class='ocrx_word' id='word_1_40' title='bbox 151 948 271 1001; x_wconf 87' lang='lat' dir='ltr'>ferioris</span> <span class='ocrx_word' id='word_1_41' title='bbox 291 948 404 1002; x_wconf 90' lang='lat' dir='ltr'>saeculi</span> <span class='ocrx_word' id='word_1_42' title='bbox 423 949 594 1002; x_wconf 83' lang='lat' dir='ltr'>rotundatis</span> <span class='ocrx_word' id='word_1_43' title='bbox 615 947 666 1001; x_wconf 92' lang='lat' dir='ltr'>uel</span> <span class='ocrx_word' id='word_1_44' title='bbox 686 948 823 1001; x_wconf 90' lang='lat' dir='ltr'>sinuatis.</span> <span class='ocrx_word' id='word_1_45' title='bbox 856 947 1060 1015; x_wconf 86' lang='lat' dir='ltr'>subscriptum</span> <span class='ocrx_word' id='word_1_46' title='bbox 1083 942 1167 997; x_wconf 76' lang='lat' dir='ltr'>uixit</span> 
     </span>
     <span class='ocr_line' id='line_1_9' title="bbox 149 1015 811 1088; baseline -0.003 -16"><span class='ocrx_word' id='word_1_47' title='bbox 149 1035 224 1072; x_wconf 77' lang='lat' dir='ltr'>aaa.</span> <span class='ocrx_word' id='word_1_48' title='bbox 243 1019 390 1086; x_wconf 85' lang='lat' dir='ltr'><strong><em>XXXIII,</em></strong></span> <span class='ocrx_word' id='word_1_49' title='bbox 411 1016 695 1088; x_wconf 68' lang='lat' dir='ltr'>dispescamus</span> <span class='ocrx_word' id='word_1_50' title='bbox 714 1015 811 1086; x_wconf 83' lang='lat' dir='ltr'>April.</span> 
     </span>
    </p>
   </div>
   <div class='ocr_carea' id='block_1_5' title="bbox 625 1179 687 1244">
    <p class='ocr_par' dir='ltr' id='par_1_5' title="bbox 625 1179 687 1244">
     <span class='ocr_line' id='line_1_10' title="bbox 625 1179 687 1244; baseline 0 0"><span class='ocrx_word' id='word_1_51' title='bbox 625 1179 687 1244; x_wconf 87' lang='grc'>787</span> 
     </span>
    </p>
   </div>
   <div class='ocr_carea' id='block_1_6' title="bbox 113 1302 1064 3611">
    <p class='ocr_par' dir='ltr' id='par_1_6' title="bbox 113 1302 1064 3611">
     <span class='ocr_line' id='line_1_11' title="bbox 150 1302 1011 1389; baseline 0 -21"><span class='ocrx_word' id='word_1_52' title='bbox 150 1303 255 1381; x_wconf 78' lang='lat' dir='ltr'>Quam</span> <span class='ocrx_word' id='word_1_53' title='bbox 279 1303 407 1369; x_wconf 92' lang='lat' dir='ltr'>domino</span> <span class='ocrx_word' id='word_1_54' title='bbox 430 1303 556 1368; x_wconf 85' lang='lat' dir='ltr'>fuerant</span> <span class='ocrx_word' id='word_1_55' title='bbox 580 1302 698 1370; x_wconf 88' lang='lat' dir='ltr'>deuota</span> <span class='ocrx_word' id='word_1_56' title='bbox 721 1309 827 1369; x_wconf 87' lang='lat' dir='ltr'>mente</span> <span class='ocrx_word' id='word_1_57' title='bbox 850 1308 1011 1389; x_wconf 82' lang='lat' dir='ltr'>parentes,</span> 
     </span>
     <span class='ocr_line' id='line_1_12' title="bbox 150 1410 1018 1495; baseline 0.001 -22"><span class='ocrx_word' id='word_1_58' title='bbox 150 1410 207 1492; x_wconf 87' lang='lat' dir='ltr'>qui</span> <span class='ocrx_word' id='word_1_59' title='bbox 231 1410 443 1475; x_wconf 86' lang='lat' dir='ltr'>confessorem</span> <span class='ocrx_word' id='word_1_60' title='bbox 466 1412 564 1475; x_wconf 89' lang='lat' dir='ltr'>talem</span> <span class='ocrx_word' id='word_1_61' title='bbox 586 1430 726 1495; x_wconf 84' lang='lat' dir='ltr'>genuere</span> <span class='ocrx_word' id='word_1_62' title='bbox 749 1415 911 1495; x_wconf 88' lang='lat' dir='ltr'>potentem</span> <span class='ocrx_word' id='word_1_63' title='bbox 1017 1453 1018 1456; x_wconf 20' lang='grc' dir='ltr'><strong>κ</strong></span> 
     </span>
     <span class='ocr_line' id='line_1_13' title="bbox 150 1515 1064 1600; baseline -0.002 -20"><span class='ocrx_word' id='word_1_64' title='bbox 150 1515 258 1598; x_wconf 87' lang='lat' dir='ltr'>adque</span> <span class='ocrx_word' id='word_1_65' title='bbox 281 1515 482 1583; x_wconf 76' lang='lat' dir='ltr'>sacerdotem</span> <span class='ocrx_word' id='word_1_66' title='bbox 506 1524 662 1600; x_wconf 89' lang='lat' dir='ltr'>sanctum,</span> <span class='ocrx_word' id='word_1_67' title='bbox 687 1519 754 1583; x_wconf 88' lang='lat' dir='ltr'>sine</span> <span class='ocrx_word' id='word_1_68' title='bbox 777 1517 851 1582; x_wconf 88' lang='lat' dir='ltr'>felle</span> <span class='ocrx_word' id='word_1_69' title='bbox 875 1515 1064 1597; x_wconf 86' lang='lat' dir='ltr'>columbam,</span> 
     </span>
     <span class='ocr_line' id='line_1_14' title="bbox 153 1622 878 1709; baseline 0.003 -22"><span class='ocrx_word' id='word_1_70' title='bbox 153 1622 283 1689; x_wconf 91' lang='lat' dir='ltr'>diuinae</span> <span class='ocrx_word' id='word_1_71' title='bbox 305 1624 388 1708; x_wconf 85' lang='lat' dir='ltr'>legis</span> <span class='ocrx_word' id='word_1_72' title='bbox 411 1626 535 1689; x_wconf 84' lang='lat' dir='ltr'>sincero</span> <span class='ocrx_word' id='word_1_73' title='bbox 560 1624 657 1690; x_wconf 86' lang='lat' dir='ltr'>eorde</span> <span class='ocrx_word' id='word_1_74' title='bbox 680 1625 878 1709; x_wconf 85' lang='lat' dir='ltr'>magistrum.</span> 
     </span>
     <span class='ocr_line' id='line_1_15' title="bbox 126 1730 928 1815; baseline 0 -21"><span class='ocrx_word' id='word_1_75' title='bbox 126 1730 233 1796; x_wconf 75' lang='lat' dir='ltr'>shaec</span> <span class='ocrx_word' id='word_1_76' title='bbox 257 1737 289 1796; x_wconf 88' lang='lat' dir='ltr'>te</span> <span class='ocrx_word' id='word_1_77' title='bbox 312 1737 497 1796; x_wconf 89' lang='lat' dir='ltr'>nascentem</span> <span class='ocrx_word' id='word_1_78' title='bbox 521 1731 661 1815; x_wconf 77' lang='lat' dir='ltr'>suscepit</span> <span class='ocrx_word' id='word_1_79' title='bbox 684 1731 803 1797; x_wconf 87' lang='lat' dir='ltr'>eclesia</span> <span class='ocrx_word' id='word_1_80' title='bbox 825 1737 928 1796; x_wconf 88' lang='lat' dir='ltr'>mater</span> 
     </span>
     <span class='ocr_line' id='line_1_16' title="bbox 152 1835 897 1922; baseline 0 -21"><span class='ocrx_word' id='word_1_81' title='bbox 152 1836 303 1903; x_wconf 89' lang='lat' dir='ltr'>uberibus</span> <span class='ocrx_word' id='word_1_82' title='bbox 326 1835 401 1902; x_wconf 89' lang='lat' dir='ltr'>fidei</span> <span class='ocrx_word' id='word_1_83' title='bbox 424 1839 568 1902; x_wconf 88' lang='lat' dir='ltr'>nutriens</span> <span class='ocrx_word' id='word_1_84' title='bbox 591 1836 734 1922; x_wconf 76' lang='lat' dir='ltr'>de[uot]a</span> <span class='ocrx_word' id='word_1_85' title='bbox 757 1839 897 1919; x_wconf 88' lang='lat' dir='ltr'>beatum,</span> 
     </span>
     <span class='ocr_line' id='line_1_17' title="bbox 151 1943 1030 2028; baseline -0.002 -20"><span class='ocrx_word' id='word_1_86' title='bbox 151 1945 207 2026; x_wconf 90' lang='lat' dir='ltr'>qui</span> <span class='ocrx_word' id='word_1_87' title='bbox 230 1964 288 2027; x_wconf 91' lang='lat' dir='ltr'>pro</span> <span class='ocrx_word' id='word_1_88' title='bbox 312 1964 347 2008; x_wconf 89' lang='lat' dir='ltr'>se</span> <span class='ocrx_word' id='word_1_89' title='bbox 370 1963 521 2028; x_wconf 86' lang='lat' dir='ltr'>passurus</span> <span class='ocrx_word' id='word_1_90' title='bbox 544 1949 613 2010; x_wconf 89' lang='lat' dir='ltr'>erat</span> <span class='ocrx_word' id='word_1_91' title='bbox 635 1945 721 2009; x_wconf 90' lang='lat' dir='ltr'>mala</span> <span class='ocrx_word' id='word_1_92' title='bbox 745 1951 861 2010; x_wconf 87' lang='lat' dir='ltr'>cuncta</span> <span class='ocrx_word' id='word_1_93' title='bbox 885 1943 1030 2008; x_wconf 89' lang='lat' dir='ltr'>libenter.</span> 
     </span>
     <span class='ocr_line' id='line_1_18' title="bbox 152 2050 957 2135; baseline 0.001 -22"><span class='ocrx_word' id='word_1_94' title='bbox 152 2051 304 2134; x_wconf 89' lang='lat' dir='ltr'>paruulus</span> <span class='ocrx_word' id='word_1_95' title='bbox 326 2056 425 2133; x_wconf 88' lang='lat' dir='ltr'>utque</span> <span class='ocrx_word' id='word_1_96' title='bbox 448 2050 535 2135; x_wconf 90' lang='lat' dir='ltr'>loqui</span> <span class='ocrx_word' id='word_1_97' title='bbox 560 2051 693 2135; x_wconf 86' lang='lat' dir='ltr'>coepisti</span> <span class='ocrx_word' id='word_1_98' title='bbox 717 2050 825 2116; x_wconf 85' lang='lat' dir='ltr'>dulcia</span> <span class='ocrx_word' id='word_1_99' title='bbox 848 2051 957 2132; x_wconf 85' lang='lat' dir='ltr'>uerba,</span> 
     </span>
     <span class='ocr_line' id='line_1_19' title="bbox 152 2156 965 2242; baseline 0 -21"><span class='ocrx_word' id='word_1_100' title='bbox 152 2176 228 2221; x_wconf 87' lang='lat' dir='ltr'>mox</span> <span class='ocrx_word' id='word_1_101' title='bbox 250 2156 480 2242; x_wconf 90' lang='lat' dir='ltr'>scripturarum</span> <span class='ocrx_word' id='word_1_102' title='bbox 502 2158 603 2223; x_wconf 90' lang='lat' dir='ltr'>lector</span> <span class='ocrx_word' id='word_1_103' title='bbox 626 2160 697 2242; x_wconf 91' lang='lat' dir='ltr'>pius</span> <span class='ocrx_word' id='word_1_104' title='bbox 720 2157 828 2222; x_wconf 88' lang='lat' dir='ltr'>indole</span> <span class='ocrx_word' id='word_1_105' title='bbox 851 2157 965 2238; x_wconf 69' lang='lat' dir='ltr'>factus</span> 
     </span>
     <span class='ocr_line' id='line_1_20' title="bbox 115 2262 1060 2348; baseline -0.005 -18"><span class='ocrx_word' id='word_1_106' title='bbox 115 2270 187 2330; x_wconf 81' lang='lat' dir='ltr'>rout</span> <span class='ocrx_word' id='word_1_107' title='bbox 209 2269 266 2328; x_wconf 91' lang='lat' dir='ltr'>tua</span> <span class='ocrx_word' id='word_1_108' title='bbox 289 2262 400 2347; x_wconf 83' lang='lat' dir='ltr'>lingua</span> <span class='ocrx_word' id='word_1_109' title='bbox 422 2264 527 2348; x_wconf 85' lang='lat' dir='ltr'>magis</span> <span class='ocrx_word' id='word_1_110' title='bbox 550 2264 656 2348; x_wconf 83' lang='lat' dir='ltr'>legem</span> <span class='ocrx_word' id='word_1_111' title='bbox 680 2285 775 2348; x_wconf 90' lang='lat' dir='ltr'>quam</span> <span class='ocrx_word' id='word_1_112' title='bbox 799 2263 898 2329; x_wconf 89' lang='lat' dir='ltr'>uerba</span> <span class='ocrx_word' id='word_1_113' title='bbox 921 2266 1060 2327; x_wconf 88' lang='lat' dir='ltr'>sonaret.</span> 
     </span>
     <span class='ocr_line' id='line_1_21' title="bbox 153 2369 998 2454; baseline -0.002 -20"><span class='ocrx_word' id='word_1_114' title='bbox 153 2370 273 2436; x_wconf 90' lang='lat' dir='ltr'>dilecta</span> <span class='ocrx_word' id='word_1_115' title='bbox 296 2391 315 2434; x_wconf 90' lang='lat' dir='ltr'>a</span> <span class='ocrx_word' id='word_1_116' title='bbox 340 2369 468 2436; x_wconf 91' lang='lat' dir='ltr'>domino</span> <span class='ocrx_word' id='word_1_117' title='bbox 492 2377 548 2435; x_wconf 90' lang='lat' dir='ltr'>tua</span> <span class='ocrx_word' id='word_1_118' title='bbox 571 2369 669 2454; x_wconf 83' lang='lat' dir='ltr'>dicta,</span> <span class='ocrx_word' id='word_1_119' title='bbox 694 2369 829 2435; x_wconf 88' lang='lat' dir='ltr'>infantia</span> <span class='ocrx_word' id='word_1_120' title='bbox 852 2369 998 2452; x_wconf 81' lang='lat' dir='ltr'>simplex,</span> 
     </span>
     <span class='ocr_line' id='line_1_22' title="bbox 152 2476 872 2559; baseline -0.001 -19"><span class='ocrx_word' id='word_1_121' title='bbox 152 2477 246 2541; x_wconf 91' lang='lat' dir='ltr'>nullis</span> <span class='ocrx_word' id='word_1_122' title='bbox 270 2483 339 2542; x_wconf 89' lang='lat' dir='ltr'>arte</span> <span class='ocrx_word' id='word_1_123' title='bbox 363 2476 445 2542; x_wconf 89' lang='lat' dir='ltr'>dolis</span> <span class='ocrx_word' id='word_1_124' title='bbox 468 2477 567 2543; x_wconf 88' lang='lat' dir='ltr'>sceda</span> <span class='ocrx_word' id='word_1_125' title='bbox 590 2476 700 2542; x_wconf 87' lang='lat' dir='ltr'>fucata</span> <span class='ocrx_word' id='word_1_126' title='bbox 723 2476 872 2559; x_wconf 83' lang='lat' dir='ltr'>malignis</span> 
     </span>
     <span class='ocr_line' id='line_1_23' title="bbox 152 2582 781 2668; baseline -0.002 -20"><span class='ocrx_word' id='word_1_127' title='bbox 152 2582 260 2648; x_wconf 86' lang='lat' dir='ltr'>officio</span> <span class='ocrx_word' id='word_1_128' title='bbox 284 2583 342 2648; x_wconf 91' lang='lat' dir='ltr'>tali</span> <span class='ocrx_word' id='word_1_129' title='bbox 365 2585 449 2649; x_wconf 91' lang='lat' dir='ltr'>iusto</span> <span class='ocrx_word' id='word_1_130' title='bbox 472 2604 615 2668; x_wconf 87' lang='lat' dir='ltr'>puroque</span> <span class='ocrx_word' id='word_1_131' title='bbox 639 2583 781 2667; x_wconf 83' lang='lat' dir='ltr'>legendi.</span> 
     </span>
     <span class='ocr_line' id='line_1_24' title="bbox 152 2688 964 2774; baseline 0 -22"><span class='ocrx_word' id='word_1_132' title='bbox 152 2689 258 2772; x_wconf 88' lang='lat' dir='ltr'>adque</span> <span class='ocrx_word' id='word_1_133' title='bbox 280 2689 358 2755; x_wconf 89' lang='lat' dir='ltr'>item</span> <span class='ocrx_word' id='word_1_134' title='bbox 380 2690 516 2774; x_wconf 86' lang='lat' dir='ltr'>simplex</span> <span class='ocrx_word' id='word_1_135' title='bbox 540 2690 723 2755; x_wconf 86' lang='lat' dir='ltr'>aduliscens</span> <span class='ocrx_word' id='word_1_136' title='bbox 745 2695 852 2754; x_wconf 90' lang='lat' dir='ltr'>mente</span> <span class='ocrx_word' id='word_1_137' title='bbox 876 2688 964 2753; x_wconf 88' lang='lat' dir='ltr'>fuisti</span> 
     </span>
     <span class='ocr_line' id='line_1_25' title="bbox 114 2794 975 2880; baseline -0.001 -20"><span class='ocrx_word' id='word_1_138' title='bbox 114 2820 142 2861; x_wconf 89' lang='lat'>15</span> <span class='ocrx_word' id='word_1_139' title='bbox 151 2802 357 2880; x_wconf 83' lang='lat' dir='ltr'>maturosque</span> <span class='ocrx_word' id='word_1_140' title='bbox 381 2797 496 2879; x_wconf 83' lang='lat' dir='ltr'>animo,</span> <span class='ocrx_word' id='word_1_141' title='bbox 520 2796 657 2861; x_wconf 86' lang='lat' dir='ltr'>feruenti</span> <span class='ocrx_word' id='word_1_142' title='bbox 680 2803 789 2862; x_wconf 86' lang='lat' dir='ltr'>aetate</span> <span class='ocrx_word' id='word_1_143' title='bbox 811 2794 975 2861; x_wconf 89' lang='lat' dir='ltr'>modestus</span> 
     </span>
     <span class='ocr_line' id='line_1_26' title="bbox 152 2903 997 2987; baseline -0.002 -20"><span class='ocrx_word' id='word_1_144' title='bbox 152 2908 292 2968; x_wconf 88' lang='lat' dir='ltr'>remotus</span> <span class='ocrx_word' id='word_1_145' title='bbox 315 2904 456 2987; x_wconf 90' lang='lat' dir='ltr'>prudens</span> <span class='ocrx_word' id='word_1_146' title='bbox 478 2903 563 2969; x_wconf 89' lang='lat' dir='ltr'>mitis</span> <span class='ocrx_word' id='word_1_147' title='bbox 586 2903 695 2987; x_wconf 82' lang='lat' dir='ltr'>grauis</span> <span class='ocrx_word' id='word_1_148' title='bbox 718 2904 844 2986; x_wconf 84' lang='lat' dir='ltr'>integer</span> <span class='ocrx_word' id='word_1_149' title='bbox 867 2921 997 2984; x_wconf 87' lang='lat' dir='ltr'>aequus.</span> 
     </span>
     <span class='ocr_line' id='line_1_27' title="bbox 151 3008 917 3075; baseline -0.004 -1"><span class='ocrx_word' id='word_1_150' title='bbox 151 3010 235 3075; x_wconf 91' lang='lat' dir='ltr'>haec</span> <span class='ocrx_word' id='word_1_151' title='bbox 257 3009 317 3075; x_wconf 88' lang='lat' dir='ltr'>tibi</span> <span class='ocrx_word' id='word_1_152' title='bbox 340 3011 451 3075; x_wconf 89' lang='lat' dir='ltr'>lectori</span> <span class='ocrx_word' id='word_1_153' title='bbox 475 3011 612 3075; x_wconf 89' lang='lat' dir='ltr'>innocuo</span> <span class='ocrx_word' id='word_1_154' title='bbox 636 3009 696 3075; x_wconf 86' lang='lat' dir='ltr'>fuit</span> <span class='ocrx_word' id='word_1_155' title='bbox 719 3029 817 3074; x_wconf 90' lang='lat' dir='ltr'>aurea</span> <span class='ocrx_word' id='word_1_156' title='bbox 840 3008 917 3072; x_wconf 88' lang='lat' dir='ltr'>uita.</span> 
     </span>
     <span class='ocr_line' id='line_1_28' title="bbox 151 3112 1003 3196; baseline -0.004 -16"><span class='ocrx_word' id='word_1_157' title='bbox 151 3115 309 3181; x_wconf 89' lang='lat' dir='ltr'>diaconus</span> <span class='ocrx_word' id='word_1_158' title='bbox 331 3114 408 3180; x_wconf 88' lang='lat' dir='ltr'>hinc</span> <span class='ocrx_word' id='word_1_159' title='bbox 431 3115 535 3181; x_wconf 87' lang='lat' dir='ltr'>factus</span> <span class='ocrx_word' id='word_1_160' title='bbox 558 3116 682 3181; x_wconf 90' lang='lat' dir='ltr'>iuuenis</span> <span class='ocrx_word' id='word_1_161' title='bbox 704 3115 881 3196; x_wconf 91' lang='lat' dir='ltr'>meritoque</span> <span class='ocrx_word' id='word_1_162' title='bbox 905 3112 1003 3196; x_wconf 87' lang='lat' dir='ltr'>fideli,</span> 
     </span>
     <span class='ocr_line' id='line_1_29' title="bbox 153 3220 890 3306; baseline 0 -20"><span class='ocrx_word' id='word_1_163' title='bbox 153 3222 207 3304; x_wconf 89' lang='lat' dir='ltr'>qui</span> <span class='ocrx_word' id='word_1_164' title='bbox 231 3222 278 3288; x_wconf 86' lang='lat' dir='ltr'>sic</span> <span class='ocrx_word' id='word_1_165' title='bbox 301 3223 425 3287; x_wconf 88' lang='lat' dir='ltr'>sincere</span> <span class='ocrx_word' id='word_1_166' title='bbox 447 3227 538 3287; x_wconf 87' lang='lat' dir='ltr'>caste</span> <span class='ocrx_word' id='word_1_167' title='bbox 561 3222 750 3305; x_wconf 85' lang='lat' dir='ltr'>integreque</span> <span class='ocrx_word' id='word_1_168' title='bbox 772 3220 890 3306; x_wconf 89' lang='lat' dir='ltr'>pudice</span> 
     </span>
     <span class='ocr_line' id='line_1_30' title="bbox 113 3327 1016 3414; baseline -0.003 -20"><span class='ocrx_word' id='word_1_169' title='bbox 113 3329 300 3394; x_wconf 79' lang='lat' dir='ltr'>mseruieris</span> <span class='ocrx_word' id='word_1_170' title='bbox 323 3330 391 3395; x_wconf 86' lang='lat' dir='ltr'>sine</span> <span class='ocrx_word' id='word_1_171' title='bbox 414 3327 528 3393; x_wconf 86' lang='lat' dir='ltr'>fraude</span> <span class='ocrx_word' id='word_1_172' title='bbox 552 3327 613 3393; x_wconf 91' lang='lat' dir='ltr'>deo</span> <span class='ocrx_word' id='word_1_173' title='bbox 637 3333 757 3411; x_wconf 85' lang='lat' dir='ltr'>quanta</span> <span class='ocrx_word' id='word_1_174' title='bbox 781 3336 912 3413; x_wconf 88' lang='lat' dir='ltr'>pectore</span> <span class='ocrx_word' id='word_1_175' title='bbox 935 3347 1016 3414; x_wconf 91' lang='lat' dir='ltr'>puro</span> 
     </span>
     <span class='ocr_line' id='line_1_31' title="bbox 151 3434 914 3519; baseline 0.003 -19"><span class='ocrx_word' id='word_1_176' title='bbox 151 3441 248 3519; x_wconf 89' lang='lat' dir='ltr'>atque</span> <span class='ocrx_word' id='word_1_177' title='bbox 272 3437 364 3502; x_wconf 89' lang='lat' dir='ltr'>annis</span> <span class='ocrx_word' id='word_1_178' title='bbox 387 3436 509 3518; x_wconf 87' lang='lat' dir='ltr'>aliquot</span> <span class='ocrx_word' id='word_1_179' title='bbox 531 3434 629 3501; x_wconf 86' lang='lat' dir='ltr'>fueris</span> <span class='ocrx_word' id='word_1_180' title='bbox 651 3435 751 3501; x_wconf 90' lang='lat' dir='ltr'>leuita</span> <span class='ocrx_word' id='word_1_181' title='bbox 774 3454 914 3519; x_wconf 78' lang='lat' dir='ltr'>seuerus,</span> 
     </span>
     <span class='ocr_line' id='line_1_32' title="bbox 152 3542 765 3611; baseline 0 -4"><span class='ocrx_word' id='word_1_182' title='bbox 152 3561 192 3608; x_wconf 86' lang='lat' dir='ltr'>ac</span> <span class='ocrx_word' id='word_1_183' title='bbox 215 3542 273 3609; x_wconf 91' lang='lat' dir='ltr'>tali</span> <span class='ocrx_word' id='word_1_184' title='bbox 296 3543 381 3610; x_wconf 87' lang='lat' dir='ltr'>iusta</span> <span class='ocrx_word' id='word_1_185' title='bbox 405 3544 646 3611; x_wconf 87' lang='lat' dir='ltr'>conuersatione</span> <span class='ocrx_word' id='word_1_186' title='bbox 669 3543 765 3610; x_wconf 86' lang='lat' dir='ltr'>beata</span> 
     </span>
    </p>
   </div>
   <div class='ocr_carea' id='block_1_7' title="bbox 0 0 1322 3892">
    <p class='ocr_par' dir='ltr' id='par_1_7' title="bbox 0 0 1322 3892">
     <span class='ocr_line' id='line_1_33' title="bbox 0 0 1322 3892; baseline 0 0"><span class='ocrx_word' id='word_1_187' title='bbox 0 0 1322 3892; x_wconf 95' lang='lat' dir='ltr'> </span> 
     </span>
    </p>
   </div>
  </div>
 </body>
</html>
