2644 3884
159 210 211 267 118
596 223 735 266 naerrnr

158 378 253 437 notus
276 371 309 437 in
332 371 412 439 urbe
435 390 539 453 saera,
562 378 656 438 notus
679 390 775 454 quoq.
799 370 914 436 finibus
937 370 1001 436 illis

158 498 238 563 quos
261 478 381 549 Vmber
403 478 528 547 suasis
551 479 643 561 solet,
667 497 747 559 quos
770 477 895 543 Tuscus
918 484 1038 543 arator.

158 585 305 653 omuibus
327 584 382 653 hio
404 585 497 653 anuis
518 592 664 651 uotorum
687 603 775 648 more
798 603 925 649 suorum

118 714 144 757 rs
157 698 310 761 eontanas
332 691 434 761 atlioit
457 712 588 759 numero
613 695 778 756 crescente
802 709 937 755 coronas

157 798 320 869 rasuras
343 799 514 867 simulacra
538 797 645 863 colens
669 802 701 860 et
724 795 884 879 Apollinis
907 816 980 862 aras

157 905 352 991 Arcanumq.
377 907 496 987 Iouem,
521 923 653 986 quorum
678 903 835 967 consentit
858 903 890 966 in
914 902 969 968 illo

157 1013 310 1081 maiestas
333 1013 449 1097 longae
472 1011 659 1096 promittens
683 1013 828 1094 tempora
850 1008 948 1073 uitae.

158 1121 271 1209 accipe
293 1121 465 1207 posteritas
489 1116 574 1200 quod
598 1136 656 1201 per
679 1122 735 1181 tua
758 1116 888 1181 saecula
910 1136 1030 1182 narres.

118 1252 146 1295 ro
159 1226 320 1295 Tauricas
341 1226 415 1291 kari
437 1224 542 1290 iussus
564 1224 687 1308 pietate
710 1223 854 1309 parentis

159 1332 222 1401 hoo
245 1334 352 1421 posuit
375 1333 503 1414 donum,
527 1329 613 1413 quod
637 1351 698 1395 nec
721 1333 883 1396 sententia
905 1332 1017 1396 Mortis

157 1440 287 1507 uincere
310 1459 371 1504 nec
393 1438 512 1524 poterit
534 1438 688 1501 Fatorum
711 1457 833 1503 summa
856 1445 1010 1523 potestas,

158 1544 216 1613 sed
240 1547 349 1631 populi
372 1546 462 1611 saluo
486 1564 612 1629 semper
635 1564 759 1609 rumore
782 1545 935 1609 manebit.

230 1721 302 1779 CIL.
321 1722 391 1776 XIV
409 1721 480 1776 2852
504 1721 599 1775 deser.
622 1721 719 1787 Rossi,
748 1720 860 1776 Gruter
885 1721 928 1789 12,
947 1722 972 1776 5.
1016 1717 1078 1776 AL.⁴
1097 1722 1174 1777 Bur·

157 1796 261 1851 manni
279 1793 353 1861 180,
373 1794 487 1862 Meyeri
507 1792 560 1846 622
673 1793 838 1848 Praeneste
856 1794 888 1846 in
907 1794 973 1847 basi
992 1810 1173 1849 marmorea.

157 1868 189 1923 tn
208 1867 303 1921 latere
322 1881 421 1919 annus
441 1866 604 1919 adnotatus
623 1870 669 1919 est
679 1866 714 1918 L.
726 1863 868 1933 Geioa[i]0
881 1864 1064 1934 Commodo)
1080 1865 1171 1934 [sileae.

162 1934 337 2005 vereduna>
364 1934 490 2004 dioclea]
515 1934 702 2005 Pompeiano
727 1935 796 2004 clos.
817 1936 869 1991 136
887 1953 916 2005 p.
937 1935 987 1991 Ch.
1011 1938 1043 1990 in
1071 1938 1173 1991 fronte

157 2009 250 2065 modii
269 2009 413 2062 frumenti
432 2012 462 2061 et
481 2007 582 2076 spicae
602 2009 821 2076 repraesentati
841 2013 919 2062 sunt.
958 2007 1082 2063 Caesius
1093 2007 1174 2061 Tau-

157 2081 242 2135 rinus
267 2078 421 2132 Fortunae
444 2078 649 2147 Primigeniae
672 2078 890 2133 Praenestinae
915 2080 1010 2148 patris
1038 2080 1174 2148 effigiem

159 2151 279 2207 dedicat
297 2150 496 2219 ipsiusiussu
516 2151 610 2218 patris
629 2151 806 2203 mercatoris
824 2150 1016 2204 frumentarii

230 2222 245 2274 1
265 2221 343 2275 male
363 2220 635 2288 opinorBeckerus
654 2227 773 2289 topogr.
794 2237 821 2289 p.
836 2220 891 2273 404
909 2220 978 2273 hinc
990 2219 1171 2288 Capitolium

158 2293 252 2347 luisse
270 2291 475 2346 Praenestinis
495 2292 655 2358 concludit,
674 2306 799 2345 necesse
823 2295 868 2345 est
891 2292 971 2344 enim
990 2290 1095 2344 Iouem
1114 2290 1174 2344 'Po-

158 2368 280 2418 nantem
300 2364 332 2416 in
346 2361 492 2431 Capitolio
503 2360 617 2416 Romae
638 2362 809 2415 dedicatum
828 2362 963 2431 intellegi
978 2360 1172 2430 (Propertius

162 2433 369 2504 Tarpeiusque
393 2435 485 2502 pater
512 2433 599 2486 nuda
624 2433 661 2487 de
684 2448 761 2500 rupe
784 2432 927 2500 tonabat).
968 2433 1039 2485 huic
1068 2436 1171 2486 autem

157 2505 357 2560 Praenestina
367 2504 502 2558 Fortuna
515 2519 577 2557 non
591 2506 669 2558 bene
682 2505 792 2558 dieitur
804 2505 915 2557 uicina.
935 2505 1040 2572 itaque
1050 2503 1172 2558 Werns-

159 2577 287 2631 dorfium
311 2579 434 2629 secutus
458 2578 563 2629 fanum
582 2575 736 2629 Fortunae
754 2575 958 2644 Primigeniae
981 2575 1125 2644 intellego
1152 2590 1173 2628 a

158 2646 264 2703 Seruio
284 2646 383 2700 Tullio
403 2648 534 2716 positum
553 2647 585 2699 in
605 2645 751 2714 Capitolio
771 2651 848 2700 teste
861 2646 1023 2701 Plutarcho
1044 2647 1082 2701 de
1101 2648 1172 2701 tort.

156 2718 241 2772 Rom.
263 2733 328 2786 cap.
349 2717 383 2769 10
519 2718 551 2769 11
577 2717 713 2771 clausula
731 2716 908 2787 Vergiliana
932 2734 1039 2788 georg.
1059 2717 1100 2771 IV
1117 2717 1169 2777 421

156 2787 248 2844 statio
268 2786 424 2842 tutissima
442 2787 547 2842 nautis
674 2788 706 2842 11
725 2789 881 2843 Arcanum
900 2789 983 2859 apud
1002 2789 1172 2842 Praenesti-

156 2875 212 2914 nos
238 2859 343 2913 Iouem
371 2874 482 2912 nomen
506 2859 649 2914 habuisse
675 2861 754 2914 tituli
777 2861 941 2914 ostendunt
970 2859 1018 2915 Or.
1042 2859 1111 2914 2391
1141 2863 1171 2913 et

156 2930 227 2986 3045
355 2930 389 2983 19
407 2929 551 2984 Lucanus
570 2930 641 2985 VIII
660 2930 712 2984 608
732 2947 794 3002 qua
809 2930 977 3000 posteritas
995 2930 1029 2984 ia
1048 2930 1174 2985 saecula

155 3001 252 3057 mittet
271 2998 454 3068 Septimium
470 3001 582 3070 fama?
619 3001 765 3057 Octauiae
785 3004 914 3072 scriptor
932 3002 1025 3057 11359
1043 2999 1172 3071 facinus

154 3071 213 3127 aia
227 3069 402 3141 posteritas,
422 3074 510 3130 tarde
529 3088 648 3142 semper
666 3074 788 3128 saecula
806 3074 928 3128 eradent
1059 3073 1094 3127 23
1113 3072 1173 3127 sal-

77 3154 81 3162 ·
154 3160 230 3198 uam
249 3144 326 3197 coni.
345 3142 548 3214 Cannegieter

631 3270 697 3335 250

156 3395 275 3477 Magne
298 3392 404 3476 deum,
428 3394 559 3460 Siluane
582 3401 707 3480 potens,
732 3395 932 3461 sanctissime
954 3400 1076 3479 pastor,

155 3500 210 3582 qui
233 3519 345 3565 nemus
368 3498 501 3566 Idaeum
524 3501 734 3584 Romanaque
758 3507 865 3567 eastra
887 3502 1059 3585 gubernas,

154 3606 272 3670 mellea
295 3606 381 3689 quod
404 3606 519 3675 docilis
542 3608 682 3675 innatast
705 3609 764 3675 tibi
786 3608 892 3675 fistula
916 3628 1002 3692 cera,
