2648 3886
422 206 431 221 ,
545 165 735 206 nnnunrm

609 312 675 378 605

137 438 301 524 Fe]cimus
323 437 408 503 hunc
431 435 580 521 tit[u]lum
603 436 722 522 myscri
746 435 953 520 dul[ci]ssimo
976 443 1063 522 nato,

138 552 174 611 ut
199 544 331 630 [d]0leat
353 543 425 630 plus
449 543 537 628 [lux]‚
561 541 664 609 donec
687 563 772 609 mors
796 542 909 628 [filniat
932 563 1005 609 una.

210 720 282 778 CIL.
292 720 335 776 IX
347 720 427 786 3488,
439 720 515 776 IRN.
525 721 604 785 6070,
619 735 732 789 sequor
740 719 879 775 Accursii
893 721 1049 790 exemplar
1060 720 1152 789 paulo

138 795 266 864 plenius.
304 791 365 846 AL.
384 791 552 846 Burmanni
570 791 612 847 IV
629 791 691 857 301,
710 791 824 860 Meyeri
844 791 913 845 1396
1078 805 1153 859 rope

138 864 286 920 Aternum
305 864 442 930 fluuium,
461 864 559 933 periit.
597 864 817 932 praescriptum
841 863 870 917 d.
890 864 932 916 M.
951 877 975 916 a.
999 862 1029 915 Τ.
1072 858 1153 915 estio

140 935 283 990 quenali
295 932 454 991 quenalis
473 936 501 988 et
513 932 665 988 Restt‘tuta
681 932 745 1002 filio
765 931 943 988 dulcissimo
964 935 991 987 et
1007 932 1109 1002 frater
1127 933 1155 986 et

138 1022 268 1062 sorores
297 1004 352 1076 qai
369 1004 452 1060 aierit
469 1003 563 1060 anaia
583 1004 696 1058 XXIII
706 1006 804 1073 pilas)
823 1003 950 1073 miuus)

211 1079 227 1133 1
247 1075 422 1132 dulcissime
441 1079 511 1130 uate
530 1075 724 1130 Burmannus
742 1077 829 1130 iussit
848 1077 961 1144 corrigi
1063 1075 1154 1129 Blae

138 1165 231 1220 quam
248 1164 306 1204 aas
323 1150 459 1202 inserere
477 1147 579 1212 malui,
599 1152 682 1201 certe
700 1163 763 1201 non
782 1147 911 1217 amplius
928 1147 1060 1216 spatium
1075 1146 1153 1215 lapis

138 1221 255 1275 habuit.
282 1223 317 1274 at
336 1220 458 1274 doleant
472 1219 582 1287 plures
601 1222 794 1272 Burmannus
813 1222 935 1287 praeter
953 1218 1043 1272 fidem
1062 1217 1140 1271 tituli

615 1379 680 1444 606

137 1506 182 1571 Vt
204 1511 247 1588 te,
271 1503 408 1588 Palladi,
433 1509 559 1590 raptum
582 1502 699 1569 fleuere
723 1503 892 1586 Camenae,

138 1611 294 1678 fleuerunt
316 1611 427 1697 populi
451 1631 530 1693 quos
554 1611 695 1676 continet
718 1609 810 1676 Ostia
833 1609 898 1675 dia.

211 1787 283 1843 CIL.
302 1786 343 1842 VI
361 1787 458 1855 20152,
485 1785 604 1842 Notizie
628 1786 656 1840 d.
675 1787 760 1841 soavi
779 1786 849 1840 1886
869 1802 897 1855 p.
912 1786 954 1840 24.
999 1784 1061 1842 AL.
1079 1785 1153 1840 Bur·

138 1860 243 1913 manni
261 1858 303 1914 IV
320 1858 382 1922 220,
401 1857 515 1927 Meyeri
535 1857 605 1912 1328
746 1857 861 1912 Romae
879 1859 912 1911 in
931 1856 1032 1912 Caelio
1051 1862 1153 1912 monte

137 1932 171 1984 in
193 1930 384 1999 sarcophago
407 1944 577 1983 marmoreo
602 1929 655 1997 qui
676 1929 777 1982 uirum
806 1929 1049 1997 repraesentauit
1072 1943 1151 1997 equo

136 2001 299 2056 uehentum
322 2005 465 2070 pennata,
490 2015 559 2055 cum
582 2001 790 2070 praeferretur
812 1999 958 2054 uexillum
978 2004 1008 2053 et
1027 2014 1046 2052 a
1064 2003 1151 2068 tergo

137 2073 231 2142 capiti
249 2086 304 2141 per
322 2072 475 2141 uirginem
495 2087 609 2126 corona
627 2072 842 2140 imponeretur.
881 2070 1084 2139 subscriptum
1103 2070 1152 2122 Ia·

137 2141 199 2198 lias
209 2141 402 2212 Nt'ceplioras
419 2144 510 2210 pater
527 2139 641 2211 infele'ac
656 2139 739 2211 fecit.
767 2141 894 2196 accedat
908 2141 957 2194 hic
969 2142 1076 2195 tertius
1086 2139 1153 2194 Pal·

46 2276 49 2283 ,
137 2214 237 2268 ladius
256 2215 283 2269 ei
303 2215 356 2283 qui
370 2214 409 2268 ad
418 2213 604 2284 Pasiphilum
623 2214 757 2267 carmina
774 2214 893 2282 scripsit
912 2217 942 2267 et
956 2213 984 2267 ei
1003 2213 1055 2281 qui
1073 2212 1152 2265 inter

137 2284 196 2339 XII
215 2287 369 2354 sapientes
388 2290 568 2340 numeratur

208 2356 224 2410 1
244 2357 286 2410 ita
296 2354 427 2412 Smetius
437 2354 610 2421 Hennenus,
624 2356 696 2412 item
708 2356 759 2424 qui
771 2355 914 2410 effossum
922 2369 1028 2408 rursus
1038 2354 1091 2407 uia
1100 2350 1152 2408 Sa·

135 2426 213 2481 laria
222 2427 447 2497 sarcophagum
461 2427 619 2496 descripsit
630 2442 728 2495 nuper
737 2425 936 2480 Lancianius:
950 2423 985 2478 ai
994 2426 1021 2478 te
1032 2423 1151 2492 Cyriaci

137 2501 168 2552 ct
185 2497 333 2553 Mazochii
351 2498 512 2553 lectionem
531 2501 653 2552 secutus
664 2495 876 2563 Mommsenus,
897 2494 979 2550 uitae
994 2495 1151 2549 Falnicius

136 2567 339 2623 Burmannus.
388 2568 480 2638 Verg.
500 2568 586 2622 catal.
607 2569 648 2636 11,
668 2568 685 2622 5
704 2570 732 2621 et
749 2570 777 2621 te
795 2568 921 2635 raptam
946 2569 973 2620 et
990 2580 1152 2621 romanam

135 2637 276 2710 melmae
294 2637 466 2707 historiam,
490 2638 589 2693 Naeui
608 2640 796 2708 epigramma
813 2639 921 2706 flereat
939 2635 1031 2692 diuae
1052 2636 1151 2692 Came-

137 2725 195 2764 aae
215 2710 384 2776 (admonuit
396 2709 481 2778 Leo).
510 2711 535 2764 si
547 2711 699 2764 uetustius
712 2714 791 2763 essct
804 2725 926 2764 carmen
939 2724 1030 2777 quam
1042 2704 1151 2777 populi

138 2782 188 2836 uel
205 2781 307 2835 media
325 2782 357 2835 in
375 2780 500 2836 Palladi
522 2781 673 2850 producta
693 2781 832 2848 ostendit,
861 2780 1059 2835 exclamantis
1085 2793 1151 2833 esse

137 2854 171 2906 at
191 2851 415 2919 contenderem,
435 2867 518 2906 nunc
536 2852 741 2922 comparantis
761 2852 852 2906 credo

609 3012 673 3078 607

137 3246 255 3311 magna
277 3226 378 3292 uirtus
400 3225 493 3312 pueri
515 3224 683 3307 uictusque
706 3226 827 3291 remisit
849 3223 1000 3309 animam,

136 3333 250 3399 uolnus
271 3332 373 3399 habet
394 3333 484 3398 nonis
508 3338 541 3398 et
564 3332 633 3398 celo
657 3333 799 3417 carpitur
822 3332 901 3418 ipse.
1018 3320 1019 3323 ¹

138 3437 340 3505 condidimus
363 3445 448 3505 terre
471 3437 622 3523 a[ri]sque
645 3438 842 3504 sacrabimus
864 3439 979 3523 ipsum.

137 3546 192 3630 qui
216 3565 311 3612 sonus
333 3543 463 3612 auditur
487 3552 520 3612 et
541 3564 606 3611 uox
629 3544 737 3630 imago
760 3544 854 3630 Lyci,

191 3649 296 3694 Anthol.
310 3649 355 3694 lat.
370 3650 396 3693 11
958 3650 992 3704 19
