2634 3892
548 195 735 234 HEXAMETRI

136 343 269 425 quisque
291 340 388 407 fidem
410 342 525 407 trinam
550 342 714 408 confessus
737 341 889 426 dogmate
912 362 1001 425 uero,

99 476 126 516 ιο
135 455 297 514 aeternam
320 447 396 514 fisus
420 448 545 514 Christo
570 469 642 514 cum
666 468 797 532 carpere
819 449 931 531 uitam,

136 561 265 622 censeat
287 555 347 621 has
369 576 453 622 nune
476 557 547 621 luce
571 556 633 621 frui
656 557 787 639 uitaque
810 557 952 641 perenni.

207 695 279 752 CIL.
298 696 325 751 V
343 697 413 751 6729
433 712 472 751 ex
491 698 609 751 schedis
628 696 778 751 Modenae
797 697 848 751 uel
866 697 990 750 Ranzae
1092 696 1149 750 fuit

135 768 278 823 Vercellis
394 768 513 822 Bruzza
532 775 658 822 auctore
676 768 879 822 Mommsenus
899 783 1018 822 sorores
1036 768 1152 821 intelle-

136 841 182 908 git
201 838 373 894 Constantis
392 842 527 909 episcopi
547 841 683 894 defuncti
704 841 784 893 cirea
809 840 916 906 1520,
946 854 1067 892 carmen
1092 838 1150 892 hoc

135 916 170 964 ut
189 911 248 964 alia
267 911 380 964 ibidem
399 913 544 979 scriptum
563 914 693 965 fortasse
712 926 731 964 1
749 910 896 964 Flauiano
916 911 1059 978 episeopo

206 980 362 1037 3111111111
380 983 511 1036 traditur
619 983 636 1035 6
658 982 753 1035 altera
773 981 950 1037 Constantia

609 1162 671 1225 tot

135 1285 207 1349 Heu
230 1283 435 1348 memorande
458 1289 560 1368 pater,
585 1284 673 1367 longi
696 1284 774 1348 mihi
797 1304 895 1350 causa
919 1283 1038 1348 doloris

134 1396 168 1455 et
192 1389 375 1472 quaerenda
397 1391 492 1456 nimis
516 1391 639 1456 eunetis
662 1397 718 1455 tua
740 1397 836 1474 grata
859 1395 1016 1456 senectus.

135 1502 169 1567 te
193 1516 301 1562 carum
324 1497 461 1580 suboleo,
486 1504 518 1562 te
540 1497 639 1563 fixum
662 1500 763 1564 sensit
786 1498 918 1580 amicus

134 1609 167 1668 te
190 1603 306 1668 leuitas
327 1611 463 1688 toruum,
488 1604 614 1670 dulcem
638 1606 790 1688 cognouit
812 1604 973 1670 honestas.

109 1711 242 1794 sturpia
266 1711 408 1794 castigas
430 1711 542 1776 uiuens
566 1730 637 1776 cum
662 1711 799 1794 coniuge
824 1718 923 1776 easta.

137 1816 263 1881 actibus
285 1817 415 1881 urbanis
438 1816 597 1882 miscebas
620 1816 741 1900 gaudia
763 1818 855 1900 ruris,

135 1929 171 1987 ut
193 1928 250 1987 tua
272 1922 344 2007 plus
367 1924 494 2007 gemino
518 1922 657 2007 fulgeret
679 1923 748 1988 uita
771 1923 890 1990 labore.

133 2049 209 2093 nam
231 2030 378 2094 meritum
400 2049 485 2095 mors
508 2031 579 2114 ipsa
602 2028 707 2112 docet,
732 2050 827 2113 quarn
850 2035 980 2114 pectore
1004 2029 1088 2095 laeto

135 2136 254 2219 optasti
277 2136 310 2200 in
333 2136 479 2202 manibus
502 2134 637 2201 filiorum
661 2156 758 2220 saepe
782 2143 907 2201 tuorum

98 2268 125 2307 ιο
135 2261 259 2307 sumere
283 2249 315 2307 et
338 2243 488 2327 amplexu
511 2242 598 2308 dulci
621 2249 755 2308 tenuare
777 2249 938 2327 nepotum.

136 2346 239 2412 adfuit
262 2347 313 2414 his
336 2349 420 2415 uotis
444 2350 563 2415 excelsi
586 2349 693 2433 gratia
716 2348 850 2414 Christi:

136 2453 215 2519 felix
237 2454 305 2520 uita
328 2455 398 2533 fuit,
422 2455 501 2520 felix
525 2462 557 2520 et
580 2457 733 2521 transitus
755 2457 835 2540 ipse.

207 2594 295 2648 Rossi
314 2596 403 2649 inscr.
424 2596 522 2649 christ.
541 2595 625 2650 Rom.
645 2594 740 2662 1475,
763 2595 833 2650 1047
853 2596 948 2650 deser.
968 2595 1076 2649 Marini

135 2667 168 2718 in
180 2665 253 2718 uilla
262 2664 439 2735 Borghesia.
459 2667 664 2736 subscriptum
680 2664 729 2721 hic
741 2665 926 2736 reqtuiescit)
937 2664 1063 2721 Achillis
1076 2665 1149 2732 u(ir)

136 2733 337 2805 s(pectabilis)
357 2735 412 2806 qui
430 2735 597 2791 11111111.
612 2738 708 2806 plius)
724 2736 850 2806 ustinus)
864 2738 1021 2806 LXXVII,
1041 2739 1107 2807 dep.
1128 2740 1156 2794 V

135 2807 218 2875 lead).
234 2808 303 2860 Iun.
316 2806 447 2862 Paulino
466 2806 608 2875 iumiore)
628 2807 720 2873 11116)
739 2807 881 2875 etiams.)
900 2810 982 2877 1(6)1.
1002 2810 1152 2864 1111οὸ34

207 2878 224 2932 5
244 2876 401 2949 1111191111
420 2881 638 2949 interpretatur
656 2880 782 2934 Rossius
884 2880 918 2934 12
937 2881 974 2935 cf.
992 2880 1079 2948 659‚1

615 3024 679 3089 ‘108

136 3148 297 3215 Aceruum
320 3149 440 3214 luotum
462 3147 540 3212 mihi
564 3146 730 3232 demisisti,
755 3144 948 3215 dulcissima*
962 3150 1087 3215 coniux.

136 3255 211 3323 Non
234 3253 313 3320 mihi
338 3254 519 3321 sufficiebat
544 3254 694 3321 habuisse
715 3255 784 3321 uita
804 3261 909 3321 tecum
930 3275 988 3342 per
1009 3261 1152 3341 tempore

1011 3362 1107 3446 mala,

137 3467 242 3532 Aliam
268 3467 395 3550 quidem
418 3468 556 3534 futuram
573 3468 727 3535 cottidiae
750 3470 886 3554 optabas
908 3470 1003 3554 bona,
1026 3469 1084 3535 sed
1107 3470 1153 3535 in-
1210 3463 1216 3472 ’

642 3576 721 3643 felix
744 3596 838 3642 casus
860 3576 968 3644 effecit
991 3576 1107 3643 aliena.
