2646 3884
606 187 734 228 suunau
1141 179 1180 235 35

160 334 297 400 clientes
319 332 418 398 habui
438 330 443 420 l
463 335 589 417 multos,
613 336 719 401 locum
740 336 804 403 hoc
826 357 923 403 unum
939 335 1072 427 optllnui
1087 339 1177 406 mihi.

162 439 272 523 itaque
296 439 403 523 quoad
426 447 566 507 aetatem
589 442 676 508 uolui
696 439 702 523 Ι
722 444 833 528 exsegi
857 464 970 512 meam.

162 548 288 613 nemine
311 568 450 631 unquam
471 547 476 636 l
496 549 604 631 debui,
627 550 712 614 nixsi
735 570 830 633 quom
853 549 952 638 fidel

135 675 236 722 aossa
259 653 335 720 dedi
359 655 490 738 Terrae,
515 675 631 740 corpus
654 657 820 722 Volchano
845 654 966 744 dedildi

163 781 224 846 ego
247 768 283 826 ut
305 781 454 847 suprema
476 764 587 828 mortis
609 763 764 829 mandata
787 763 886 830 edidi.

235 901 307 957 CIL.
326 902 367 958 VI
386 903 474 958 21975
498 905 624 958 contulit
642 905 777 971 Henzem
801 905 919 961 Notizie
949 907 977 960 d.
1001 908 1086 961 scavi
1108 907 1179 963 1878

162 990 191 1044 p.
206 973 257 1028 137
375 974 501 1028 Romam
526 976 606 1029 inter
631 980 661 1029 et
678 975 902 1030 Nomentanum
922 983 1053 1033 tractum
1071 979 1178 1032 tabula

160 1060 202 1100 ex
221 1044 323 1114 lapide
342 1045 502 1100 Tiburtino
522 1052 645 1115 reperta
664 1047 829 1102 adseruata
848 1049 879 1101 in
899 1064 976 1119 agro
996 1048 1116 1103 Verano

198 1117 418 1186 praescriptum
444 1116 601 1171 dManlc'a
632 1118 662 1171 Τ.
682 1119 700 1171 l.
721 1118 843 1172 (leonte.
873 1125 961 1174 cento
988 1122 1177 1175 senariorum

159 1192 218 1241 aut
236 1188 441 1241 conlectarum
461 1203 501 1242 ex
520 1189 649 1242 senariis
668 1189 835 1243 dictionum

234 1257 251 1311 2
265 1260 434 1327 posteriore
446 1259 633 1315 hemistichio
647 1259 706 1314 hoc
718 1261 816 1314 uoluit
834 1262 1005 1331 exprimere
1014 1264 1087 1330 port
1098 1278 1177 1316 mor·

160 1330 222 1382 tent
240 1332 476 1397 monumentum,
495 1331 549 1383 hoc
563 1346 662 1385 anum
674 1334 732 1399 opt.
745 1348 785 1385 m.
893 1332 1031 1388 ildebuit
1043 1333 1083 1386 ad
1097 1333 1178 1387 hunc

160 1400 285 1454 modum
305 1403 461 1472 probeque
483 1402 611 1456 aetatem
630 1403 715 1471 quad
737 1400 824 1457 uolui
941 1404 960 1457 4
980 1404 1111 1458 duorum
1133 1419 1195 1470 ses

162 1472 318 1525 uariorum
344 1473 507 1540 clausulae,
536 1474 646 1543 prioris
666 1474 752 1528 uelut
777 1472 889 1529 adiuel
911 1475 1032 1542 medios,
1060 1474 1177 1530 nemini

160 1557 236 1612 unq.
255 1543 284 1596 d.
304 1545 479 1612 posterioris
498 1549 532 1597 ut
552 1544 594 1610 72,
614 1562 626 1598 1
646 1545 683 1607 cf.
703 1544 774 1601 CIL.
793 1545 821 1598 II
840 1544 1177 1616 auscultantium

234 1612 251 1667 5
280 1614 503 1669 emendandum
531 1615 603 1670 dedi
629 1617 660 1669 in
689 1616 757 1670 fine.
789 1632 860 1670 nam
888 1617 1020 1686 lapicida
1048 1619 1179 1687 primum

160 1684 286 1754 scalpsit
305 1683 400 1754 edildi
419 1687 566 1740 aberrans
584 1687 624 1740 ad
643 1702 767 1741 uersum
787 1704 977 1756 proxumum,
998 1695 1062 1742 tum
1085 1688 1107 1741 d
1129 1703 1177 1742 su·

161 1770 218 1824 per
237 1770 252 1809 e
271 1756 388 1810 addidit
408 1761 438 1811 et
456 1755 469 1810 ι’
487 1759 581 1827 priori
599 1759 727 1812 inferius
748 1758 878 1812 caudam
896 1759 1046 1828 adposuit,
1067 1759 1179 1814 oblitus

161 1826 300 1880 ultimam
319 1828 468 1897 syllabam
488 1843 668 1898 expungere
759 1877 765 1886 ,
786 1829 803 1883 6
823 1844 872 1884 cco
891 1829 969 1898 lapis

648 1990 691 2055 68

162 2111 332 2195 ‘funusque
356 2112 492 2198 omJauit
514 2113 648 2199 pulchre
672 2113 864 2198 deces[s]um
888 2114 1021 2198 [dolens
1136 2132 1139 2135 ’

217 2218 364 2304 honelste
387 2220 449 2286 hoc
471 2221 572 2285 uoluit
594 2228 797 2286 monumento
821 2221 1011 2304 amlbustam
1034 2220 1112 2305 tegi.

142 2332 197 2391 *et
219 2324 316 2410 quod]
341 2327 454 2412 rogaui
476 2334 513 2391 nt
535 2327 657 2394 iaceret
680 2335 917 2392 monumentum
940 2326 1042 2410 m[ihi,

216 2434 264 2499 sic
287 2433 469 2518 i]mpetraui
491 2433 526 2498 id
549 2435 590 2499 ab
614 2454 662 2517 eo,
686 2432 783 2498 laudo
806 2433 1101 2517 beneuolenltiam),

137 2539 336 2624 acommulni
358 2539 432 2606 heic
454 2541 561 2606 animo
584 2539 648 2605 dno
671 2547 707 2605 ut
730 2560 870 2606 essemus
892 2539 956 2605 siti.

216 2649 288 2731 pari
311 2646 469 2730 coniugio,
493 2645 621 2730 uirtute,
645 2667 767 2712 summa
790 2646 947 2712 industria

162 2752 247 2818 nixsl
271 2760 303 2819 et
326 2753 497 2836 somonam,
521 2753 628 2836 quoad
651 2753 729 2837 nixi,
753 2754 822 2818 toll.

5 2876 10 2947 r
217 2859 329 2925 Tertia
353 2880 447 2943 quom
471 2880 583 2944 essem,
607 2880 658 2926 me
681 2861 816 2945 primam
839 2860 966 2945 sperari
990 2857 1079 2924 iore!

163 3019 266 3097 Quom
290 3020 376 3103 quod
399 3039 561 3105 sperarem
585 3019 686 3084 eciem
710 3039 761 3084 me
783 3020 920 3084 retinere
944 3025 1081 3103 potesse,

125 3153 154 3192 ιο
216 3147 274 3212 spe
297 3128 414 3192 amissa
435 3126 538 3192 noluit
560 3147 612 3192 me
634 3128 777 3192 Fortuna
800 3126 874 3192 heic
896 3125 1071 3209 retine(re),

164 3233 312 3316 quoniam
336 3253 386 3298 me
409 3234 552 3298 Fortuna
575 3232 685 3315 iniqua
707 3254 771 3297 non
795 3234 870 3298 sinit
893 3232 966 3315 frui,

215 3339 296 3404 nihil
319 3338 416 3404 timeo
439 3360 499 3404 nec
522 3338 663 3404 confido:
688 3338 889 3404 moriundum
913 3338 991 3404 solo.

161 3446 268 3512 uiuam
292 3467 388 3529 quam
411 3465 524 3512 ornare
547 3444 689 3529 studlui],
714 3446 823 3510 omani
847 3446 1015 3529 mortnalm

234 3586 305 3642 CIL.
326 3587 339 3640 Ι
359 3587 428 3642 1019
447 3603 477 3657 p.
492 3587 546 3641 223
571 3587 731 3656 descripsit
751 3586 916 3642 Mommsen
1060 3585 1176 3639 Romae
