<?xml version="1.0" encoding="UTF-8"?>
<!DOCTYPE html PUBLIC "-//W3C//DTD XHTML 1.0 Transitional//EN"
    "http://www.w3.org/TR/xhtml1/DTD/xhtml1-transitional.dtd">
<html xmlns="http://www.w3.org/1999/xhtml" xml:lang="en" lang="en">
 <head>
  <title>
</title>
<meta http-equiv="Content-Type" content="text/html;charset=utf-8" />
  <meta name='ocr-system' content='tesseract 3.04.00' />
  <meta name='ocr-capabilities' content='ocr_page ocr_carea ocr_par ocr_line ocrx_word'/>
</head>
<body>
  <div class='ocr_page' id='page_1' title='image "./anthologialatin00lommgoog_0291.png"; bbox 0 0 2650 3882; ppageno 0'>
   <div class='ocr_carea' id='block_1_1' title="bbox 148 158 724 212">
    <p class='ocr_par' dir='ltr' id='par_1_1' title="bbox 148 158 724 212">
     <span class='ocr_line' id='line_1_1' title="bbox 148 158 724 212; baseline 0 0"><span class='ocrx_word' id='word_1_1' title='bbox 148 158 202 212; x_wconf 76' lang='lat'>230</span> <span class='ocrx_word' id='word_1_2' title='bbox 585 171 724 212; x_wconf 75' lang='lat' dir='ltr'>naorrnr</span> 
     </span>
    </p>
   </div>
   <div class='ocr_carea' id='block_1_2' title="bbox 124 318 1164 723">
    <p class='ocr_par' dir='ltr' id='par_1_2' title="bbox 124 318 1164 723">
     <span class='ocr_line' id='line_1_2' title="bbox 150 318 1093 404; baseline 0.001 -21"><span class='ocrx_word' id='word_1_3' title='bbox 150 318 276 384; x_wconf 80' lang='lat' dir='ltr'>doctior</span> <span class='ocrx_word' id='word_1_4' title='bbox 298 318 360 384; x_wconf 88' lang='lat' dir='ltr'>hoc</span> <span class='ocrx_word' id='word_1_5' title='bbox 383 339 476 384; x_wconf 91' lang='lat' dir='ltr'>nemo</span> <span class='ocrx_word' id='word_1_6' title='bbox 500 318 570 401; x_wconf 90' lang='lat' dir='ltr'>fuit,</span> <span class='ocrx_word' id='word_1_7' title='bbox 594 320 698 404; x_wconf 89' lang='lat' dir='ltr'>potuit</span> <span class='ocrx_word' id='word_1_8' title='bbox 721 340 815 402; x_wconf 86' lang='lat' dir='ltr'>quem</span> <span class='ocrx_word' id='word_1_9' title='bbox 837 320 967 384; x_wconf 89' lang='lat' dir='ltr'>uincere</span> <span class='ocrx_word' id='word_1_10' title='bbox 989 338 1093 401; x_wconf 90' lang='lat' dir='ltr'>nemo,</span> 
     </span>
     <span class='ocr_line' id='line_1_3' title="bbox 150 425 1164 509; baseline -0.001 -18"><span class='ocrx_word' id='word_1_11' title='bbox 150 446 271 508; x_wconf 87' lang='lat' dir='ltr'>organa</span> <span class='ocrx_word' id='word_1_12' title='bbox 295 425 349 508; x_wconf 88' lang='lat' dir='ltr'>qui</span> <span class='ocrx_word' id='word_1_13' title='bbox 372 432 480 492; x_wconf 89' lang='lat' dir='ltr'>nosset</span> <span class='ocrx_word' id='word_1_14' title='bbox 503 425 611 492; x_wconf 88' lang='lat' dir='ltr'>iacere</span> <span class='ocrx_word' id='word_1_15' title='bbox 634 447 788 509; x_wconf 87' lang='lat' dir='ltr'>aquarum</span> <span class='ocrx_word' id='word_1_16' title='bbox 812 434 869 492; x_wconf 87' lang='lat' dir='ltr'>aut</span> <span class='ocrx_word' id='word_1_17' title='bbox 891 425 1009 492; x_wconf 89' lang='lat' dir='ltr'>ducere</span> <span class='ocrx_word' id='word_1_18' title='bbox 1025 445 1164 492; x_wconf 84' lang='lat' dir='ltr'>cursum.</span> 
     </span>
     <span class='ocr_line' id='line_1_4' title="bbox 124 531 1101 618; baseline 0.003 -24"><span class='ocrx_word' id='word_1_19' title='bbox 124 531 202 597; x_wconf 74' lang='lat' dir='ltr'>thie</span> <span class='ocrx_word' id='word_1_20' title='bbox 226 533 363 598; x_wconf 87' lang='lat' dir='ltr'>conulua</span> <span class='ocrx_word' id='word_1_21' title='bbox 385 531 446 596; x_wconf 89' lang='lat' dir='ltr'>fuit</span> <span class='ocrx_word' id='word_1_22' title='bbox 469 531 583 615; x_wconf 89' lang='lat' dir='ltr'>duleis,</span> <span class='ocrx_word' id='word_1_23' title='bbox 606 538 715 599; x_wconf 90' lang='lat' dir='ltr'>nosset</span> <span class='ocrx_word' id='word_1_24' title='bbox 736 532 791 615; x_wconf 90' lang='lat' dir='ltr'>qui</span> <span class='ocrx_word' id='word_1_25' title='bbox 814 552 948 618; x_wconf 87' lang='lat' dir='ltr'>pascere</span> <span class='ocrx_word' id='word_1_26' title='bbox 971 532 1101 616; x_wconf 88' lang='lat' dir='ltr'>amicos,</span> 
     </span>
     <span class='ocr_line' id='line_1_5' title="bbox 149 637 902 723; baseline 0.004 -22"><span class='ocrx_word' id='word_1_27' title='bbox 149 638 279 722; x_wconf 90' lang='lat' dir='ltr'>ingenio</span> <span class='ocrx_word' id='word_1_28' title='bbox 303 637 410 703; x_wconf 88' lang='lat' dir='ltr'>studio</span> <span class='ocrx_word' id='word_1_29' title='bbox 434 637 549 704; x_wconf 87' lang='lat' dir='ltr'>docilis</span> <span class='ocrx_word' id='word_1_30' title='bbox 571 640 710 721; x_wconf 88' lang='lat' dir='ltr'>animoq.</span> <span class='ocrx_word' id='word_1_31' title='bbox 735 639 902 723; x_wconf 85' lang='lat' dir='ltr'>benignus.</span> 
     </span>
    </p>
   </div>
   <div class='ocr_carea' id='block_1_3' title="bbox 149 778 1166 1560">
    <p class='ocr_par' dir='ltr' id='par_1_3' title="bbox 149 778 1166 1135">
     <span class='ocr_line' id='line_1_6' title="bbox 222 778 1164 848; baseline -0.001 -14"><span class='ocrx_word' id='word_1_32' title='bbox 222 779 294 834; x_wconf 85' lang='lat' dir='ltr'>CIL.</span> <span class='ocrx_word' id='word_1_33' title='bbox 308 779 366 834; x_wconf 90' lang='lat' dir='ltr'>XII</span> <span class='ocrx_word' id='word_1_34' title='bbox 376 780 430 834; x_wconf 76' lang='lat'>722</span> <span class='ocrx_word' id='word_1_35' title='bbox 449 780 575 835; x_wconf 88' lang='lat' dir='ltr'>contulit</span> <span class='ocrx_word' id='word_1_36' title='bbox 587 780 767 848; x_wconf 83' lang='lat' dir='ltr'>Hirschfeld,</span> <span class='ocrx_word' id='word_1_37' title='bbox 786 780 913 835; x_wconf 89' lang='lat' dir='ltr'>Henzen</span> <span class='ocrx_word' id='word_1_38' title='bbox 932 780 980 835; x_wconf 89' lang='lat' dir='ltr'>Or.</span> <span class='ocrx_word' id='word_1_39' title='bbox 993 779 1072 835; x_wconf 73' lang='lat'>7231.</span> <span class='ocrx_word' id='word_1_40' title='bbox 1100 778 1164 833; x_wconf 86' lang='lat' dir='ltr'>AL.</span> 
     </span>
     <span class='ocr_line' id='line_1_7' title="bbox 149 849 1164 921; baseline 0.001 -18"><span class='ocrx_word' id='word_1_41' title='bbox 149 849 316 905; x_wconf 83' lang='lat' dir='ltr'><strong>Burmanni</strong></span> <span class='ocrx_word' id='word_1_42' title='bbox 335 852 376 905; x_wconf 92' lang='lat' dir='ltr'>IV</span> <span class='ocrx_word' id='word_1_43' title='bbox 388 851 449 919; x_wconf 81' lang='lat'>321,</span> <span class='ocrx_word' id='word_1_44' title='bbox 470 851 584 921; x_wconf 89' lang='lat' dir='ltr'>Meyeri</span> <span class='ocrx_word' id='word_1_45' title='bbox 604 851 674 906; x_wconf 89' lang='grc'><strong>1496</strong></span> <span class='ocrx_word' id='word_1_46' title='bbox 773 850 905 906; x_wconf 78' lang='lat' dir='ltr'><strong>Arelate.</strong></span> <span class='ocrx_word' id='word_1_47' title='bbox 942 852 1164 921; x_wconf 88' lang='lat' dir='ltr'>praescriptum</span> 
     </span>
     <span class='ocr_line' id='line_1_8' title="bbox 150 920 1162 1004; baseline 0 -29"><span class='ocrx_word' id='word_1_48' title='bbox 150 922 179 975; x_wconf 91' lang='lat' dir='ltr'>d.</span> <span class='ocrx_word' id='word_1_49' title='bbox 191 923 232 975; x_wconf 91' lang='lat' dir='ltr'>M.</span> <span class='ocrx_word' id='word_1_50' title='bbox 246 921 277 984; x_wconf 79' lang='lat' dir='ltr'>Q.</span> <span class='ocrx_word' id='word_1_51' title='bbox 290 921 443 991; x_wconf 75' lang='lat' dir='ltr'>Condildi]</span> <span class='ocrx_word' id='word_1_52' title='bbox 457 920 592 992; x_wconf 77' lang='lat' dir='ltr'>Beoipai</span> <span class='ocrx_word' id='word_1_53' title='bbox 608 920 716 992; x_wconf 74' lang='lat' dir='ltr'>sebbi)</span> <span class='ocrx_word' id='word_1_54' title='bbox 734 920 886 992; x_wconf 72' lang='lat' dir='ltr'>iigmorii)</span> <span class='ocrx_word' id='word_1_55' title='bbox 905 921 1066 1004; x_wconf 77' lang='lat' dir='ltr'>emptoris)</span> <span class='ocrx_word' id='word_1_56' title='bbox 1080 922 1162 990; x_wconf 70' lang='lat' dir='ltr'>Arte·</span> 
     </span>
     <span class='ocr_line' id='line_1_9' title="bbox 149 990 1166 1063; baseline 0.001 -17"><span class='ocrx_word' id='word_1_57' title='bbox 149 991 295 1057; x_wconf 75' lang='lat' dir='ltr'>tulensis).</span> <span class='ocrx_word' id='word_1_58' title='bbox 327 994 531 1063; x_wconf 88' lang='lat' dir='ltr'>subscriptum</span> <span class='ocrx_word' id='word_1_59' title='bbox 546 991 702 1048; x_wconf 74' lang='lat' dir='ltr'>Candidis</span> <span class='ocrx_word' id='word_1_60' title='bbox 716 992 864 1056; x_wconf 78' lang='lat' dir='ltr'>Quintiae</span> <span class='ocrx_word' id='word_1_61' title='bbox 878 996 967 1063; x_wconf 83' lang='lat' dir='ltr'>palm</span> <span class='ocrx_word' id='word_1_62' title='bbox 985 990 1166 1048; x_wconf 80' lang='lat' dir='ltr'>dolcissimo</span> 
     </span>
     <span class='ocr_line' id='line_1_10' title="bbox 150 1062 825 1135; baseline 0.003 -18"><span class='ocrx_word' id='word_1_63' title='bbox 150 1067 178 1117; x_wconf 87' lang='lat' dir='ltr'>et</span> <span class='ocrx_word' id='word_1_64' title='bbox 198 1065 259 1120; x_wconf 83' lang='lat' dir='ltr'>Vol.</span> <span class='ocrx_word' id='word_1_65' title='bbox 280 1062 474 1119; x_wconf 80' lang='lat' dir='ltr'>Moaesimirta</span> <span class='ocrx_word' id='word_1_66' title='bbox 493 1063 618 1135; x_wconf 77' lang='lat' dir='ltr'>coaiupi</span> <span class='ocrx_word' id='word_1_67' title='bbox 635 1063 825 1132; x_wconf 83' lang='lat' dir='ltr'>lcor(issimo)</span> 
     </span>
    </p>

    <p class='ocr_par' dir='ltr' id='par_1_4' title="bbox 149 1133 1166 1420">
     <span class='ocr_line' id='line_1_11' title="bbox 222 1133 1164 1205; baseline -0.002 -16"><span class='ocrx_word' id='word_1_68' title='bbox 222 1136 236 1188; x_wconf 93' lang='lat'>1</span> <span class='ocrx_word' id='word_1_69' title='bbox 256 1133 394 1189; x_wconf 80' lang='lat' dir='ltr'>studium</span> <span class='ocrx_word' id='word_1_70' title='bbox 414 1135 547 1189; x_wconf 82' lang='lat' dir='ltr'><strong>detraxit</strong></span> <span class='ocrx_word' id='word_1_71' title='bbox 564 1135 766 1204; x_wconf 87' lang='lat' dir='ltr'>Burmannus,</span> <span class='ocrx_word' id='word_1_72' title='bbox 785 1136 865 1191; x_wconf 89' lang='lat' dir='ltr'>idem</span> <span class='ocrx_word' id='word_1_73' title='bbox 884 1137 901 1190; x_wconf 90' lang='lat'><strong>3</strong></span> <span class='ocrx_word' id='word_1_74' title='bbox 918 1134 982 1205; x_wconf 73' lang='lat' dir='ltr'>fuit</span> <span class='ocrx_word' id='word_1_75' title='bbox 1088 1134 1105 1188; x_wconf 90' lang='lat'><strong>3</strong></span> <span class='ocrx_word' id='word_1_76' title='bbox 1125 1136 1164 1188; x_wconf 84' lang='lat' dir='ltr'>ci.</span> 
     </span>
     <span class='ocr_line' id='line_1_12' title="bbox 149 1206 1163 1276; baseline 0 -17"><span class='ocrx_word' id='word_1_77' title='bbox 149 1206 250 1260; x_wconf 89' lang='lat' dir='ltr'>militis</span> <span class='ocrx_word' id='word_1_78' title='bbox 269 1206 391 1261; x_wconf 90' lang='lat' dir='ltr'>laudem</span> <span class='ocrx_word' id='word_1_79' title='bbox 409 1207 498 1273; x_wconf 49' lang='lat' dir='ltr'>427st</span> <span class='ocrx_word' id='word_1_80' title='bbox 597 1207 615 1260; x_wconf 87' lang='grc'>4</span> <span class='ocrx_word' id='word_1_81' title='bbox 633 1224 695 1262; x_wconf 91' lang='lat' dir='ltr'>non</span> <span class='ocrx_word' id='word_1_82' title='bbox 714 1206 881 1276; x_wconf 78' lang='lat' dir='ltr'>hydraulas</span> <span class='ocrx_word' id='word_1_83' title='bbox 899 1212 1017 1262; x_wconf 85' lang='lat' dir='ltr'>tantum</span> <span class='ocrx_word' id='word_1_84' title='bbox 1033 1206 1093 1260; x_wconf 90' lang='lat' dir='ltr'>dici</span> <span class='ocrx_word' id='word_1_85' title='bbox 1111 1221 1163 1275; x_wconf 91' lang='lat' dir='ltr'>pa·</span> 
     </span>
     <span class='ocr_line' id='line_1_13' title="bbox 149 1276 1166 1348; baseline 0 -17"><span class='ocrx_word' id='word_1_86' title='bbox 149 1283 193 1332; x_wconf 89' lang='lat' dir='ltr'>tet</span> <span class='ocrx_word' id='word_1_87' title='bbox 218 1276 272 1332; x_wconf 89' lang='lat' dir='ltr'>sed</span> <span class='ocrx_word' id='word_1_88' title='bbox 294 1280 382 1332; x_wconf 89' lang='lat' dir='ltr'>uaria</span> <span class='ocrx_word' id='word_1_89' title='bbox 407 1279 544 1332; x_wconf 79' lang='lat' dir='ltr'>fabricae</span> <span class='ocrx_word' id='word_1_90' title='bbox 567 1280 714 1346; x_wconf 86' lang='lat' dir='ltr'>aquariae</span> <span class='ocrx_word' id='word_1_91' title='bbox 739 1294 840 1348; x_wconf 88' lang='lat' dir='ltr'>opero,</span> <span class='ocrx_word' id='word_1_92' title='bbox 869 1278 1044 1348; x_wconf 86' lang='lat' dir='ltr'>clepsydras</span> <span class='ocrx_word' id='word_1_93' title='bbox 1068 1277 1166 1331; x_wconf 90' lang='lat' dir='ltr'>molas</span> 
     </span>
     <span class='ocr_line' id='line_1_14' title="bbox 150 1348 1164 1420; baseline 0 -18"><span class='ocrx_word' id='word_1_94' title='bbox 150 1349 213 1402; x_wconf 89' lang='lat' dir='ltr'>sim.</span> <span class='ocrx_word' id='word_1_95' title='bbox 322 1349 339 1404; x_wconf 81' lang='lat'>5</span> <span class='ocrx_word' id='word_1_96' title='bbox 359 1351 489 1403; x_wconf 80' lang='lat' dir='ltr'>cadaloa</span> <span class='ocrx_word' id='word_1_97' title='bbox 507 1350 583 1419; x_wconf 90' lang='lat' dir='ltr'>lapis</span> <span class='ocrx_word' id='word_1_98' title='bbox 600 1350 710 1419; x_wconf 89' lang='lat' dir='ltr'>scalpri</span> <span class='ocrx_word' id='word_1_99' title='bbox 723 1350 824 1418; x_wconf 90' lang='lat' dir='ltr'>potius</span> <span class='ocrx_word' id='word_1_100' title='bbox 841 1366 932 1420; x_wconf 91' lang='lat' dir='ltr'>quam</span> <span class='ocrx_word' id='word_1_101' title='bbox 950 1350 1074 1419; x_wconf 82' lang='lat' dir='ltr'>linguae</span> <span class='ocrx_word' id='word_1_102' title='bbox 1086 1348 1164 1402; x_wconf 89' lang='lat' dir='ltr'>uitio</span> 
     </span>
    </p>

    <p class='ocr_par' dir='ltr' id='par_1_5' title="bbox 149 1419 1165 1560">
     <span class='ocr_line' id='line_1_15' title="bbox 203 1419 1165 1490; baseline 0 -18"><span class='ocrx_word' id='word_1_103' title='bbox 203 1419 220 1472; x_wconf 88' lang='lat'><strong>6</strong></span> <span class='ocrx_word' id='word_1_104' title='bbox 236 1435 337 1474; x_wconf 89' lang='lat' dir='ltr'>mores</span> <span class='ocrx_word' id='word_1_105' title='bbox 347 1435 415 1473; x_wconf 89' lang='lat' dir='ltr'>cum</span> <span class='ocrx_word' id='word_1_106' title='bbox 429 1421 551 1474; x_wconf 90' lang='lat' dir='ltr'>nomine</span> <span class='ocrx_word' id='word_1_107' title='bbox 560 1419 691 1489; x_wconf 85' lang='lat' dir='ltr'>Benigni</span> <span class='ocrx_word' id='word_1_108' title='bbox 705 1422 925 1476; x_wconf 79' lang='lat' dir='ltr'>concordantes</span> <span class='ocrx_word' id='word_1_109' title='bbox 938 1420 1165 1490; x_wconf 88' lang='lat' dir='ltr'>praedicantur,</span> 
     </span>
     <span class='ocr_line' id='line_1_16' title="bbox 149 1487 797 1560; baseline 0.003 -16"><span class='ocrx_word' id='word_1_110' title='bbox 149 1487 260 1545; x_wconf 87' lang='lat' dir='ltr'>docilis</span> <span class='ocrx_word' id='word_1_111' title='bbox 279 1489 444 1545; x_wconf 85' lang='lat' dir='ltr'>Gallicanis</span> <span class='ocrx_word' id='word_1_112' title='bbox 464 1495 509 1545; x_wconf 88' lang='lat' dir='ltr'>est</span> <span class='ocrx_word' id='word_1_113' title='bbox 529 1492 581 1560; x_wconf 89' lang='lat' dir='ltr'>qui</span> <span class='ocrx_word' id='word_1_114' title='bbox 599 1491 689 1545; x_wconf 87' lang='lat' dir='ltr'>facile</span> <span class='ocrx_word' id='word_1_115' title='bbox 709 1491 797 1546; x_wconf 88' lang='lat' dir='ltr'>docet</span> 
     </span>
    </p>
   </div>
   <div class='ocr_carea' id='block_1_4' title="bbox 625 1653 692 1718">
    <p class='ocr_par' dir='ltr' id='par_1_6' title="bbox 625 1653 692 1718">
     <span class='ocr_line' id='line_1_17' title="bbox 625 1653 692 1718; baseline 0 -1"><span class='ocrx_word' id='word_1_116' title='bbox 625 1653 692 1718; x_wconf 81' lang='lat'>484</span> 
     </span>
    </p>
   </div>
   <div class='ocr_carea' id='block_1_5' title="bbox 148 1774 1103 1968">
    <p class='ocr_par' dir='ltr' id='par_1_7' title="bbox 148 1774 1103 1968">
     <span class='ocr_line' id='line_1_18' title="bbox 148 1774 1029 1861; baseline 0.001 -21"><span class='ocrx_word' id='word_1_117' title='bbox 148 1776 234 1840; x_wconf 90' lang='lat' dir='ltr'>Dum</span> <span class='ocrx_word' id='word_1_118' title='bbox 257 1794 326 1841; x_wconf 90' lang='lat' dir='ltr'>sum</span> <span class='ocrx_word' id='word_1_119' title='bbox 349 1774 465 1842; x_wconf 90' lang='lat' dir='ltr'>Vitalis</span> <span class='ocrx_word' id='word_1_120' title='bbox 489 1781 522 1842; x_wconf 92' lang='lat' dir='ltr'>et</span> <span class='ocrx_word' id='word_1_121' title='bbox 544 1775 629 1860; x_wconf 91' lang='lat' dir='ltr'>uiuo,</span> <span class='ocrx_word' id='word_1_122' title='bbox 653 1796 714 1861; x_wconf 87' lang='lat' dir='ltr'>ego</span> <span class='ocrx_word' id='word_1_123' title='bbox 738 1776 802 1842; x_wconf 88' lang='lat' dir='ltr'>feei</span> <span class='ocrx_word' id='word_1_124' title='bbox 826 1776 1029 1861; x_wconf 88' lang='lat' dir='ltr'>sepulorhum</span> 
     </span>
     <span class='ocr_line' id='line_1_19' title="bbox 151 1881 1103 1968; baseline -0.001 -21"><span class='ocrx_word' id='word_1_125' title='bbox 151 1881 257 1964; x_wconf 88' lang='lat' dir='ltr'>adque</span> <span class='ocrx_word' id='word_1_126' title='bbox 279 1901 368 1947; x_wconf 87' lang='lat' dir='ltr'>meos</span> <span class='ocrx_word' id='word_1_127' title='bbox 390 1902 511 1965; x_wconf 87' lang='lat' dir='ltr'>uersus,</span> <span class='ocrx_word' id='word_1_128' title='bbox 536 1881 611 1947; x_wconf 90' lang='lat' dir='ltr'>dnm</span> <span class='ocrx_word' id='word_1_129' title='bbox 634 1889 788 1965; x_wconf 87' lang='lat' dir='ltr'>transseo,</span> <span class='ocrx_word' id='word_1_130' title='bbox 811 1883 943 1968; x_wconf 81' lang='lat' dir='ltr'>perlego</span> <span class='ocrx_word' id='word_1_131' title='bbox 967 1883 1103 1968; x_wconf 86' lang='lat' dir='ltr'>etipse.</span> 
     </span>
    </p>
   </div>
   <div class='ocr_carea' id='block_1_6' title="bbox 126 1988 1076 2501">
    <p class='ocr_par' dir='ltr' id='par_1_8' title="bbox 151 1988 922 2074">
     <span class='ocr_line' id='line_1_20' title="bbox 151 1988 922 2074; baseline 0.003 -21"><span class='ocrx_word' id='word_1_132' title='bbox 151 1988 294 2072; x_wconf 83' lang='lat' dir='ltr'>diploma</span> <span class='ocrx_word' id='word_1_133' title='bbox 317 1988 436 2054; x_wconf 88' lang='lat' dir='ltr'>cireaui</span> <span class='ocrx_word' id='word_1_134' title='bbox 460 1995 560 2054; x_wconf 89' lang='lat' dir='ltr'>totam</span> <span class='ocrx_word' id='word_1_135' title='bbox 583 1991 715 2073; x_wconf 87' lang='lat' dir='ltr'>regione</span> <span class='ocrx_word' id='word_1_136' title='bbox 738 1989 922 2074; x_wconf 84' lang='lat' dir='ltr'>pedestrem</span> 
     </span>
    </p>

    <p class='ocr_par' dir='ltr' id='par_1_9' title="bbox 126 2094 988 2288">
     <span class='ocr_line' id='line_1_21' title="bbox 151 2094 988 2181; baseline 0.001 -22"><span class='ocrx_word' id='word_1_137' title='bbox 151 2102 183 2159; x_wconf 90' lang='lat' dir='ltr'>et</span> <span class='ocrx_word' id='word_1_138' title='bbox 207 2095 340 2161; x_wconf 88' lang='lat' dir='ltr'>canibus</span> <span class='ocrx_word' id='word_1_139' title='bbox 363 2094 477 2179; x_wconf 90' lang='lat' dir='ltr'>prendi</span> <span class='ocrx_word' id='word_1_140' title='bbox 500 2096 625 2180; x_wconf 89' lang='lat' dir='ltr'>lepores</span> <span class='ocrx_word' id='word_1_141' title='bbox 649 2103 681 2161; x_wconf 90' lang='lat' dir='ltr'>et</span> <span class='ocrx_word' id='word_1_142' title='bbox 704 2094 843 2179; x_wconf 89' lang='lat' dir='ltr'>denique</span> <span class='ocrx_word' id='word_1_143' title='bbox 865 2096 988 2181; x_wconf 88' lang='lat' dir='ltr'>uulpes.</span> 
     </span>
     <span class='ocr_line' id='line_1_22' title="bbox 126 2202 896 2288; baseline -0.005 -17"><span class='ocrx_word' id='word_1_144' title='bbox 126 2208 264 2285; x_wconf 82' lang='lat' dir='ltr'>spostea</span> <span class='ocrx_word' id='word_1_145' title='bbox 286 2203 432 2287; x_wconf 82' lang='lat' dir='ltr'>potiones</span> <span class='ocrx_word' id='word_1_146' title='bbox 456 2203 566 2269; x_wconf 85' lang='lat' dir='ltr'>calicis</span> <span class='ocrx_word' id='word_1_147' title='bbox 588 2202 726 2288; x_wconf 87' lang='lat' dir='ltr'>perduxi</span> <span class='ocrx_word' id='word_1_148' title='bbox 749 2203 896 2285; x_wconf 83' lang='lat' dir='ltr'>libenter,</span> 
     </span>
    </p>

    <p class='ocr_par' dir='ltr' id='par_1_10' title="bbox 150 2308 1076 2501">
     <span class='ocr_line' id='line_1_23' title="bbox 150 2308 940 2392; baseline 0.005 -21"><span class='ocrx_word' id='word_1_149' title='bbox 150 2309 250 2373; x_wconf 89' lang='lat' dir='ltr'>multa</span> <span class='ocrx_word' id='word_1_150' title='bbox 273 2308 448 2374; x_wconf 84' lang='lat' dir='ltr'>iuuentutis</span> <span class='ocrx_word' id='word_1_151' title='bbox 470 2308 543 2392; x_wconf 86' lang='lat' dir='ltr'>ieci,</span> <span class='ocrx_word' id='word_1_152' title='bbox 568 2309 645 2392; x_wconf 87' lang='lat' dir='ltr'>qnia</span> <span class='ocrx_word' id='word_1_153' title='bbox 667 2329 737 2375; x_wconf 87' lang='lat' dir='ltr'>sum</span> <span class='ocrx_word' id='word_1_154' title='bbox 759 2310 940 2375; x_wconf 88' lang='lat' dir='ltr'>moriturus.</span> 
     </span>
     <span class='ocr_line' id='line_1_24' title="bbox 151 2414 1076 2501; baseline 0.002 -22"><span class='ocrx_word' id='word_1_155' title='bbox 151 2414 285 2498; x_wconf 91' lang='lat' dir='ltr'>quisque</span> <span class='ocrx_word' id='word_1_156' title='bbox 308 2415 396 2500; x_wconf 90' lang='lat' dir='ltr'>sapis</span> <span class='ocrx_word' id='word_1_157' title='bbox 419 2416 552 2498; x_wconf 90' lang='lat' dir='ltr'>iuuenis,</span> <span class='ocrx_word' id='word_1_158' title='bbox 577 2414 651 2481; x_wconf 92' lang='lat' dir='ltr'>uiuo</span> <span class='ocrx_word' id='word_1_159' title='bbox 675 2416 734 2481; x_wconf 88' lang='lat' dir='ltr'>tibi</span> <span class='ocrx_word' id='word_1_160' title='bbox 756 2435 840 2501; x_wconf 90' lang='lat' dir='ltr'>pone</span> <span class='ocrx_word' id='word_1_161' title='bbox 864 2415 1076 2500; x_wconf 88' lang='lat' dir='ltr'>sepulerhum.</span> 
     </span>
    </p>
   </div>
   <div class='ocr_carea' id='block_1_7' title="bbox 150 2572 1167 3637">
    <p class='ocr_par' dir='ltr' id='par_1_11' title="bbox 151 2572 1167 2999">
     <span class='ocr_line' id='line_1_25' title="bbox 222 2572 1167 2644; baseline 0.003 -18"><span class='ocrx_word' id='word_1_162' title='bbox 222 2572 331 2628; x_wconf 89' lang='lat' dir='ltr'>Nissen</span> <span class='ocrx_word' id='word_1_163' title='bbox 349 2574 480 2629; x_wconf 91' lang='lat' dir='ltr'>Hermae</span> <span class='ocrx_word' id='word_1_164' title='bbox 499 2574 513 2627; x_wconf 95' lang='grc' dir='ltr'>Ι</span> <span class='ocrx_word' id='word_1_165' title='bbox 536 2591 565 2644; x_wconf 90' lang='lat' dir='ltr'>p.</span> <span class='ocrx_word' id='word_1_166' title='bbox 580 2575 634 2628; x_wconf 76' lang='lat'>342</span> <span class='ocrx_word' id='word_1_167' title='bbox 654 2576 706 2644; x_wconf 91' lang='lat' dir='ltr'>qui</span> <span class='ocrx_word' id='word_1_168' title='bbox 726 2575 884 2644; x_wconf 88' lang='lat' dir='ltr'>descripsit</span> <span class='ocrx_word' id='word_1_169' title='bbox 903 2582 933 2630; x_wconf 90' lang='lat' dir='ltr'>et</span> <span class='ocrx_word' id='word_1_170' title='bbox 956 2576 1082 2630; x_wconf 87' lang='lat' dir='ltr'>exeunti</span> <span class='ocrx_word' id='word_1_171' title='bbox 1101 2589 1167 2629; x_wconf 84' lang='lat' dir='ltr'>sae·</span> 
     </span>
     <span class='ocr_line' id='line_1_26' title="bbox 152 2643 1167 2714; baseline 0.003 -18"><span class='ocrx_word' id='word_1_172' title='bbox 152 2643 220 2697; x_wconf 91' lang='lat' dir='ltr'>culo</span> <span class='ocrx_word' id='word_1_173' title='bbox 240 2643 269 2697; x_wconf 96' lang='grc' dir='ltr'>ΙΙ</span> <span class='ocrx_word' id='word_1_174' title='bbox 288 2650 341 2699; x_wconf 88' lang='lat' dir='ltr'>aut</span> <span class='ocrx_word' id='word_1_175' title='bbox 360 2647 521 2714; x_wconf 90' lang='lat' dir='ltr'>posteriori</span> <span class='ocrx_word' id='word_1_176' title='bbox 540 2647 634 2700; x_wconf 89' lang='lat' dir='ltr'>aetati</span> <span class='ocrx_word' id='word_1_177' title='bbox 653 2646 807 2712; x_wconf 89' lang='lat' dir='ltr'>adtribuit,</span> <span class='ocrx_word' id='word_1_178' title='bbox 828 2645 900 2701; x_wconf 85' lang='lat' dir='ltr'>CIL.</span> <span class='ocrx_word' id='word_1_179' title='bbox 910 2646 981 2701; x_wconf 92' lang='lat' dir='ltr'>VIII</span> <span class='ocrx_word' id='word_1_180' title='bbox 994 2646 1072 2713; x_wconf 80' lang='lat'>1027,</span> <span class='ocrx_word' id='word_1_181' title='bbox 1094 2646 1167 2700; x_wconf 84' lang='lat' dir='ltr'>add.</span> 
     </span>
     <span class='ocr_line' id='line_1_27' title="bbox 152 2714 1165 2787; baseline 0.003 -20"><span class='ocrx_word' id='word_1_182' title='bbox 152 2731 180 2783; x_wconf 91' lang='lat' dir='ltr'>p.</span> <span class='ocrx_word' id='word_1_183' title='bbox 194 2714 247 2767; x_wconf 80' lang='lat'>929</span> <span class='ocrx_word' id='word_1_184' title='bbox 267 2717 393 2770; x_wconf 89' lang='lat' dir='ltr'>contulit</span> <span class='ocrx_word' id='word_1_185' title='bbox 411 2717 578 2771; x_wconf 90' lang='lat' dir='ltr'>Wilmanns</span> <span class='ocrx_word' id='word_1_186' title='bbox 711 2716 896 2787; x_wconf 84' lang='lat' dir='ltr'>Carthagine</span> <span class='ocrx_word' id='word_1_187' title='bbox 915 2723 1069 2787; x_wconf 89' lang='lat' dir='ltr'>repertum</span> <span class='ocrx_word' id='word_1_188' title='bbox 1088 2732 1165 2771; x_wconf 88' lang='lat' dir='ltr'>mar-</span> 
     </span>
     <span class='ocr_line' id='line_1_28' title="bbox 151 2787 1165 2857; baseline 0.004 -19"><span class='ocrx_word' id='word_1_189' title='bbox 151 2800 289 2839; x_wconf 89' lang='lat' dir='ltr'>moreum</span> <span class='ocrx_word' id='word_1_190' title='bbox 308 2793 545 2842; x_wconf 88' lang='lat' dir='ltr'>monumentum.</span> <span class='ocrx_word' id='word_1_191' title='bbox 573 2789 605 2841; x_wconf 92' lang='lat' dir='ltr'>in</span> <span class='ocrx_word' id='word_1_192' title='bbox 617 2787 717 2842; x_wconf 90' lang='lat' dir='ltr'>medio</span> <span class='ocrx_word' id='word_1_193' title='bbox 737 2789 958 2857; x_wconf 88' lang='lat' dir='ltr'>praescriptum</span> <span class='ocrx_word' id='word_1_194' title='bbox 971 2794 1017 2843; x_wconf 91' lang='lat' dir='ltr'>est</span> <span class='ocrx_word' id='word_1_195' title='bbox 1036 2789 1064 2842; x_wconf 90' lang='lat' dir='ltr'>d.</span> <span class='ocrx_word' id='word_1_196' title='bbox 1075 2788 1117 2841; x_wconf 90' lang='lat' dir='ltr'>M.</span> <span class='ocrx_word' id='word_1_197' title='bbox 1131 2803 1165 2855; x_wconf 79' lang='lat' dir='ltr'>a,</span> 
     </span>
     <span class='ocr_line' id='line_1_29' title="bbox 153 2855 1167 2928; baseline 0.003 -19"><span class='ocrx_word' id='word_1_198' title='bbox 153 2855 261 2910; x_wconf 88' lang='lat' dir='ltr'>dextra</span> <span class='ocrx_word' id='word_1_199' title='bbox 287 2856 394 2913; x_wconf 77' lang='lat' dir='ltr'>Vitatis</span> <span class='ocrx_word' id='word_1_200' title='bbox 413 2858 489 2928; x_wconf 71' lang='lat' dir='ltr'>Aug.</span> <span class='ocrx_word' id='word_1_201' title='bbox 509 2857 629 2927; x_wconf 69' lang='lat' dir='ltr'>atesim)</span> <span class='ocrx_word' id='word_1_202' title='bbox 650 2857 836 2925; x_wconf 78' lang='lat' dir='ltr'>tabellarius,</span> <span class='ocrx_word' id='word_1_203' title='bbox 857 2857 942 2914; x_wconf 81' lang='lat' dir='ltr'>uiuet</span> <span class='ocrx_word' id='word_1_204' title='bbox 961 2861 989 2914; x_wconf 85' lang='lat' dir='ltr'>ei</span> <span class='ocrx_word' id='word_1_205' title='bbox 1010 2857 1167 2926; x_wconf 77' lang='lat' dir='ltr'>condicat,</span> 
     </span>
     <span class='ocr_line' id='line_1_30' title="bbox 152 2928 857 2999; baseline 0.003 -19"><span class='ocrx_word' id='word_1_206' title='bbox 152 2928 274 2981; x_wconf 90' lang='lat' dir='ltr'>sinistra</span> <span class='ocrx_word' id='word_1_207' title='bbox 293 2931 320 2983; x_wconf 87' lang='lat' dir='ltr'>et</span> <span class='ocrx_word' id='word_1_208' title='bbox 338 2928 500 2999; x_wconf 76' lang='lat' dir='ltr'>Antipatro,</span> <span class='ocrx_word' id='word_1_209' title='bbox 520 2928 605 2984; x_wconf 83' lang='lat' dir='ltr'>uiuet</span> <span class='ocrx_word' id='word_1_210' title='bbox 625 2931 653 2984; x_wconf 84' lang='lat' dir='ltr'>et</span> <span class='ocrx_word' id='word_1_211' title='bbox 671 2928 857 2984; x_wconf 70' lang='lat' dir='ltr'>conuiuatus·</span> 
     </span>
    </p>

    <p class='ocr_par' dir='ltr' id='par_1_12' title="bbox 150 2998 1167 3637">
     <span class='ocr_line' id='line_1_31' title="bbox 223 2998 1166 3070; baseline 0.004 -19"><span class='ocrx_word' id='word_1_212' title='bbox 223 3000 238 3051; x_wconf 93' lang='lat'>1</span> <span class='ocrx_word' id='word_1_213' title='bbox 258 2999 375 3054; x_wconf 89' lang='lat' dir='ltr'>ludicre</span> <span class='ocrx_word' id='word_1_214' title='bbox 393 3002 557 3055; x_wconf 89' lang='lat' dir='ltr'>miscentur</span> <span class='ocrx_word' id='word_1_215' title='bbox 576 2999 683 3055; x_wconf 83' lang='lat' dir='ltr'>uitalis</span> <span class='ocrx_word' id='word_1_216' title='bbox 702 3006 732 3055; x_wconf 90' lang='lat' dir='ltr'>ct</span> <span class='ocrx_word' id='word_1_217' title='bbox 755 3000 862 3056; x_wconf 86' lang='lat' dir='ltr'>Vitalis</span> <span class='ocrx_word' id='word_1_218' title='bbox 990 3001 1007 3055; x_wconf 91' lang='lat'><strong>3</strong></span> <span class='ocrx_word' id='word_1_219' title='bbox 1026 2998 1166 3070; x_wconf 83' lang='lat' dir='ltr'>diploma</span> 
     </span>
     <span class='ocr_line' id='line_1_32' title="bbox 151 3067 1164 3142; baseline 0.002 -19"><span class='ocrx_word' id='word_1_220' title='bbox 151 3067 304 3137; x_wconf 84' lang='lat' dir='ltr'>diplomae</span> <span class='ocrx_word' id='word_1_221' title='bbox 325 3071 470 3125; x_wconf 89' lang='lat' dir='ltr'>declinari</span> <span class='ocrx_word' id='word_1_222' title='bbox 489 3071 583 3142; x_wconf 89' lang='lat' dir='ltr'>uolgo</span> <span class='ocrx_word' id='word_1_223' title='bbox 596 3076 703 3126; x_wconf 90' lang='lat' dir='ltr'>notum</span> <span class='ocrx_word' id='word_1_224' title='bbox 722 3078 767 3126; x_wconf 88' lang='lat' dir='ltr'>est</span> <span class='ocrx_word' id='word_1_225' title='bbox 779 3072 861 3127; x_wconf 89' lang='lat' dir='ltr'>unde</span> <span class='ocrx_word' id='word_1_226' title='bbox 874 3070 1095 3141; x_wconf 72' lang='lat' dir='ltr'>diplomaticam</span> <span class='ocrx_word' id='word_1_227' title='bbox 1108 3087 1164 3142; x_wconf 92' lang='lat' dir='ltr'>pro</span> 
     </span>
     <span class='ocr_line' id='line_1_33' title="bbox 152 3139 1165 3212; baseline 0.004 -20"><span class='ocrx_word' id='word_1_228' title='bbox 152 3139 371 3209; x_wconf 85' lang='lat' dir='ltr'>diplomatario.</span> <span class='ocrx_word' id='word_1_229' title='bbox 401 3140 538 3210; x_wconf 83' lang='lat' dir='ltr'>diploma</span> <span class='ocrx_word' id='word_1_230' title='bbox 556 3141 680 3210; x_wconf 80' lang='lat' dir='ltr'>circam,</span> <span class='ocrx_word' id='word_1_231' title='bbox 700 3144 766 3197; x_wconf 91' lang='lat' dir='ltr'>siue</span> <span class='ocrx_word' id='word_1_232' title='bbox 785 3143 938 3197; x_wconf 88' lang='lat' dir='ltr'>ablatiuus</span> <span class='ocrx_word' id='word_1_233' title='bbox 959 3140 1103 3212; x_wconf 80' lang='lat' dir='ltr'>(nauibus</span> <span class='ocrx_word' id='word_1_234' title='bbox 1122 3158 1165 3196; x_wconf 75' lang='lat' dir='ltr'>ab</span> 
     </span>
     <span class='ocr_line' id='line_1_34' title="bbox 152 3210 1164 3284; baseline 0.002 -20"><span class='ocrx_word' id='word_1_235' title='bbox 152 3210 239 3279; x_wconf 82' lang='lat' dir='ltr'>equis</span> <span class='ocrx_word' id='word_1_236' title='bbox 257 3227 299 3265; x_wconf 81' lang='lat' dir='ltr'>aa</span> <span class='ocrx_word' id='word_1_237' title='bbox 318 3210 537 3282; x_wconf 77' lang='lat' dir='ltr'>diplomatibus</span> <span class='ocrx_word' id='word_1_238' title='bbox 557 3213 669 3268; x_wconf 85' lang='lat' dir='ltr'>Fronto</span> <span class='ocrx_word' id='word_1_239' title='bbox 693 3231 722 3284; x_wconf 92' lang='lat' dir='ltr'>p.</span> <span class='ocrx_word' id='word_1_240' title='bbox 742 3213 787 3277; x_wconf 80' lang='lat' dir='ltr'>lb)</span> <span class='ocrx_word' id='word_1_241' title='bbox 810 3215 876 3267; x_wconf 89' lang='lat' dir='ltr'>siue</span> <span class='ocrx_word' id='word_1_242' title='bbox 894 3214 972 3269; x_wconf 85' lang='lat' dir='ltr'>alius</span> <span class='ocrx_word' id='word_1_243' title='bbox 990 3214 1105 3269; x_wconf 90' lang='lat' dir='ltr'>nomini</span> <span class='ocrx_word' id='word_1_244' title='bbox 1125 3213 1164 3266; x_wconf 95' lang='lat' dir='ltr'>ab</span> 
     </span>
     <span class='ocr_line' id='line_1_35' title="bbox 153 3282 1167 3354; baseline 0.001 -19"><span class='ocrx_word' id='word_1_245' title='bbox 153 3282 271 3350; x_wconf 79' lang='lat' dir='ltr'>origine</span> <span class='ocrx_word' id='word_1_246' title='bbox 284 3298 373 3337; x_wconf 88' lang='lat' dir='ltr'>casus</span> <span class='ocrx_word' id='word_1_247' title='bbox 389 3285 454 3350; x_wconf 86' lang='lat' dir='ltr'>fuit,</span> <span class='ocrx_word' id='word_1_248' title='bbox 472 3285 504 3337; x_wconf 92' lang='lat' dir='ltr'>in</span> <span class='ocrx_word' id='word_1_249' title='bbox 520 3300 612 3338; x_wconf 91' lang='lat' dir='ltr'>unam</span> <span class='ocrx_word' id='word_1_250' title='bbox 627 3286 783 3339; x_wconf 91' lang='lat' dir='ltr'>notionem</span> <span class='ocrx_word' id='word_1_251' title='bbox 796 3286 884 3354; x_wconf 89' lang='lat' dir='ltr'>quasi</span> <span class='ocrx_word' id='word_1_252' title='bbox 899 3300 955 3339; x_wconf 92' lang='lat' dir='ltr'>con</span> <span class='ocrx_word' id='word_1_253' title='bbox 980 3284 1081 3339; x_wconf 89' lang='lat' dir='ltr'>elauit.</span> <span class='ocrx_word' id='word_1_254' title='bbox 1108 3282 1167 3338; x_wconf 83' lang='lat' dir='ltr'>cir-</span> 
     </span>
     <span class='ocr_line' id='line_1_36' title="bbox 152 3351 1163 3425; baseline 0.005 -21"><span class='ocrx_word' id='word_1_255' title='bbox 152 3354 201 3405; x_wconf 83' lang='lat' dir='ltr'>eat</span> <span class='ocrx_word' id='word_1_256' title='bbox 213 3355 341 3407; x_wconf 83' lang='grc' dir='ltr'>κυκλεύει</span> <span class='ocrx_word' id='word_1_257' title='bbox 354 3351 495 3409; x_wconf 73' lang='lat' dir='ltr'>circuibit</span> <span class='ocrx_word' id='word_1_258' title='bbox 507 3355 628 3424; x_wconf 82' lang='lat' dir='ltr'>glossae</span> <span class='ocrx_word' id='word_1_259' title='bbox 642 3355 842 3422; x_wconf 89' lang='lat' dir='ltr'>(Hildebrand</span> <span class='ocrx_word' id='word_1_260' title='bbox 855 3356 946 3425; x_wconf 88' lang='lat' dir='ltr'>gloss.</span> <span class='ocrx_word' id='word_1_261' title='bbox 987 3357 1056 3410; x_wconf 89' lang='lat' dir='ltr'>aris.</span> <span class='ocrx_word' id='word_1_262' title='bbox 1070 3372 1098 3425; x_wconf 94' lang='lat' dir='ltr'>p.</span> <span class='ocrx_word' id='word_1_263' title='bbox 1109 3355 1163 3422; x_wconf 82' lang='lat'>53),</span> 
     </span>
     <span class='ocr_line' id='line_1_37' title="bbox 151 3422 1167 3494; baseline 0.006 -20"><span class='ocrx_word' id='word_1_264' title='bbox 151 3422 223 3475; x_wconf 89' lang='lat' dir='ltr'>inde</span> <span class='ocrx_word' id='word_1_265' title='bbox 242 3424 381 3478; x_wconf 70' lang='lat' dir='ltr'>citercien</span> <span class='ocrx_word' id='word_1_266' title='bbox 400 3425 463 3479; x_wconf 89' lang='lat' dir='ltr'>sim.</span> <span class='ocrx_word' id='word_1_267' title='bbox 483 3425 697 3493; x_wconf 85' lang='lat' dir='ltr'>Romanenses,</span> <span class='ocrx_word' id='word_1_268' title='bbox 717 3428 761 3480; x_wconf 91' lang='lat' dir='ltr'>sic</span> <span class='ocrx_word' id='word_1_269' title='bbox 780 3426 866 3481; x_wconf 91' lang='lat' dir='ltr'>decet</span> <span class='ocrx_word' id='word_1_270' title='bbox 885 3426 1085 3481; x_wconf 86' lang='lat' dir='ltr'>tabellarium.</span> <span class='ocrx_word' id='word_1_271' title='bbox 1115 3441 1167 3494; x_wconf 85' lang='lat' dir='ltr'>pe·</span> 
     </span>
     <span class='ocr_line' id='line_1_38' title="bbox 151 3492 1166 3567; baseline 0.005 -21"><span class='ocrx_word' id='word_1_272' title='bbox 151 3492 265 3548; x_wconf 79' lang='lat' dir='ltr'>destris</span> <span class='ocrx_word' id='word_1_273' title='bbox 284 3497 370 3565; x_wconf 87' lang='lat' dir='ltr'>regio</span> <span class='ocrx_word' id='word_1_274' title='bbox 389 3495 513 3550; x_wconf 90' lang='lat' dir='ltr'>uidetur</span> <span class='ocrx_word' id='word_1_275' title='bbox 533 3512 639 3551; x_wconf 87' lang='lat' dir='ltr'>cursus</span> <span class='ocrx_word' id='word_1_276' title='bbox 663 3497 847 3552; x_wconf 89' lang='lat' dir='ltr'>uehicularis</span> <span class='ocrx_word' id='word_1_277' title='bbox 871 3498 1053 3551; x_wconf 91' lang='lat' dir='ltr'>stationibus</span> <span class='ocrx_word' id='word_1_278' title='bbox 1073 3512 1166 3567; x_wconf 90' lang='lat' dir='ltr'>oppo-</span> 
     </span>
     <span class='ocr_line' id='line_1_39' title="bbox 150 3564 1166 3637; baseline 0.003 -19"><span class='ocrx_word' id='word_1_279' title='bbox 150 3566 210 3618; x_wconf 84' lang='lat' dir='ltr'>sita</span> <span class='ocrx_word' id='word_1_280' title='bbox 308 3565 327 3619; x_wconf 88' lang='lat'>4</span> <span class='ocrx_word' id='word_1_281' title='bbox 345 3564 557 3634; x_wconf 80' lang='lat' dir='ltr'>uolpisWilm.</span> <span class='ocrx_word' id='word_1_282' title='bbox 658 3568 805 3637; x_wconf 78' lang='lat' dir='ltr'>ipocula,</span> <span class='ocrx_word' id='word_1_283' title='bbox 815 3566 957 3636; x_wconf 85' lang='lat' dir='ltr'>potiones</span> <span class='ocrx_word' id='word_1_284' title='bbox 970 3569 1080 3624; x_wconf 83' lang='lat' dir='ltr'>docere</span> <span class='ocrx_word' id='word_1_285' title='bbox 1092 3567 1166 3622; x_wconf 87' lang='lat' dir='ltr'>inde</span> 
     </span>
    </p>
   </div>
   <div class='ocr_carea' id='block_1_8' title="bbox 0 0 1333 3882">
    <p class='ocr_par' dir='ltr' id='par_1_13' title="bbox 0 0 1333 3882">
     <span class='ocr_line' id='line_1_40' title="bbox 0 0 1333 3882; baseline 0 0"><span class='ocrx_word' id='word_1_286' title='bbox 0 0 1333 3882; x_wconf 95' lang='lat' dir='ltr'> </span> 
     </span>
    </p>
   </div>
  </div>
 </body>
</html>
