2646 3884
612 170 739 211 suuntur
1150 158 1186 213 37

307 316 389 371 Vrbe
409 315 520 372 Saluia.
556 319 781 386 suprascripta
802 317 831 372 0.
855 316 986 385 llerpidi
1005 319 1038 371 P.
1058 317 1083 385 f.
1103 318 1185 387 Hor„

169 388 201 444 Ο.
226 385 397 456 Turpidiua
423 388 451 442 0.
475 387 500 457 f.
520 387 662 453 Seuerus,
687 386 804 458 f(ilius)
830 387 936 457 abab)
957 406 985 442 a.
1004 389 1085 456 XVI,
1113 404 1186 442 nam

168 460 358 529 peruertitur
376 460 532 513 nominum
551 460 629 513 ratio
649 459 764 528 Meyeri
782 461 1034 529 interpretatione
1052 459 1186 514 Seuerus

164 529 268 601 spat)

243 602 258 656 1
277 603 393 672 primae
412 602 531 655 litterae
544 616 609 669 par
628 607 657 656 et
676 600 693 654 2
708 616 751 669 po
770 617 832 655 non
851 602 912 655 iam
932 607 1038 655 extant

657 781 699 845 70

168 924 346 988 Honestam
369 924 467 987 uitam
491 923 590 987 uixsit
612 923 685 1007 pius
708 928 741 986 et
764 921 961 1007 splendidus,

166 1037 204 1094 ut
227 1030 288 1095 sibi
312 1030 446 1112 quisque
469 1034 601 1113 exoptet
624 1049 658 1094 se
682 1028 816 1094 honeste
839 1030 957 1093 uiuere.

240 1205 312 1262 CIL.
326 1206 340 1259 I
355 1205 425 1260 1273
443 1205 486 1260 IX
498 1204 569 1260 2975
589 1205 748 1274 descripsit
763 1205 894 1272 Dressel,
914 1206 1040 1260 Henzen
1054 1205 1103 1260 Or.
1114 1206 1184 1260 7347

303 1278 335 1330 in
362 1293 438 1346 agro
464 1277 626 1330 Frentana
663 1279 852 1347 praescripta
876 1276 904 1331 0.
929 1275 1014 1331 Vtius
1042 1277 1136 1346 (prior
1162 1294 1185 1330 u

165 1349 300 1416 apicata)
322 1348 351 1403 0.
369 1348 393 1416 f.
414 1348 470 1401 leto
494 1345 604 1402 occidit
627 1363 707 1416 quae
732 1349 893 1401 manifesto
921 1353 1035 1401 exeunt
1058 1349 1089 1401 in
1112 1350 1183 1401 iam·

169 1420 232 1486 bos,
253 1420 456 1488 subscriptum
472 1416 643 1489 Artificum)
663 1418 786 1488 amoos)
805 1418 922 1488 Matar)
947 1420 1041 1472 ΗΧ.
1072 1435 1184 1488 cogno-

165 1492 249 1544 mine
263 1506 331 1544 cum
344 1496 448 1544 eareat
459 1490 544 1544 Vtius
555 1490 680 1543 liberam
691 1506 755 1544 rem
766 1491 920 1560 publicam
932 1491 1055 1544 uidetur
1068 1491 1183 1545 uidisse

239 1561 256 1614 2
275 1559 335 1615 stoi
355 1562 496 1615 omiserat
515 1560 642 1629 Caraba,
662 1561 745 1615 unde
764 1577 908 1615 numeros
928 1563 970 1615 sic
990 1577 1183 1616 correxeram

166 1633 202 1685 ut
221 1629 350 1701 quisque
369 1634 487 1700 acceptet
505 1630 550 1686 sic
568 1632 689 1686 honeste
708 1630 822 1686 uiuere.
855 1638 886 1686 at
906 1634 1041 1702 eorrupit
1054 1633 1183 1702 scriptor

655 1812 694 1876 71

658 1953 691 2019 Α

163 2061 268 2125 Multo
291 2061 412 2144 labere]
436 2060 594 2127 industria
618 2063 788 2146 uigilantia

168 2166 222 2232 hie
244 2167 422 2251 plurumam
446 2167 518 2251 sibi]
542 2174 574 2233 et
597 2169 683 2234 sueis
706 2188 772 2233 rem
796 2169 947 2253 repperit.

168 2272 291 2358 pietate
315 2274 477 2358 egreg]ius
500 2294 626 2359 semper
649 2275 764 2340 dilexit
787 2296 861 2341 suos

168 2387 201 2444 et
223 2379 308 2445 hane
331 2381 362 2444 in
386 2380 468 2465 uit]a
490 2382 628 2446 instituit
651 2388 814 2446 aeternam
838 2380 976 2445 demum.

139 2494 203 2551 atu
227 2487 281 2569 qui
303 2487 386 2571 legis
409 2487 579 2571 memorale
602 2494 635 2552 te
659 2508 729 2553 esse
752 2486 923 2551 hominem.
958 2488 1041 2551 uale.

659 2595 692 2658 B

168 2700 250 2766 haee
273 2702 335 2766 tria
359 2702 535 2786 quieseant]
559 2700 614 2765 hie
636 2700 762 2786 sepulta
786 2722 930 2785 corpora.

240 2875 311 2932 CIL.
326 2877 354 2930 X
368 2878 439 2931 6053
457 2882 487 2931 et
500 2877 572 2931 6054
585 2893 623 2932 ex
637 2877 726 2932 editis
826 2893 889 2948 rep.
909 2879 941 2932 in
961 2880 1086 2946 antiqua
1104 2879 1183 2931 turri

168 2948 368 3001 Minturnensi
512 2950 733 3018 praescriptum
752 2964 864 3003 nomen
883 2947 982 3003 Zotiei
1001 2950 1033 3002 in
1052 2946 1086 3016 Α,
1107 2949 1138 3001 in
1157 2947 1182 3001 B

166 3019 244 3073 baec
254 3060 261 3072 .
271 3059 290 3072 ..
303 3020 341 3072 N.
356 3020 374 3073 l.
388 3017 483 3073 Zotici
499 3019 503 3086 Ι
520 3019 649 3088 ...Sela
664 3021 682 3072 l.
689 3017 831 3088 Asclepio
846 3020 851 3087 Ι
868 3037 929 3074 ...ο
942 3020 1011 3075 Sere.
1026 3020 1044 3072 l.
1055 3016 1184 3073 Liccaeo

655 3199 696 3263 72

166 3338 245 3406 Sine
268 3340 324 3405 lite
348 3346 380 3405 et
404 3340 531 3424 quest]u
553 3340 649 3405 ullius
672 3340 757 3406 uixsi
781 3360 876 3422 quem
899 3339 973 3405 fide.

166 3446 222 3528 qui
246 3446 328 3511 bene
353 3447 552 3531 unguebant,
577 3449 678 3510 ultam
700 3446 872 3511 laudarunt
895 3466 1010 3511 meam.

167 3559 241 3636 post
263 3552 364 3618 uitam
386 3553 567 3638 bo]nestam
590 3559 754 3618 aeternam
778 3551 894 3618 deueni
918 3552 1068 3636 domu[m.
