2646 3884
594 145 722 186 sasaim

631 293 673 357 27

150 413 266 480 Rufina
288 413 459 500 haruspex,
484 415 515 479 di
540 423 572 481 te
596 423 724 481 seruent
747 436 818 481 cum
842 416 915 481 tuis.

224 571 296 628 CIL.
316 572 344 627 X
363 573 434 628 1895
451 574 530 629 uidit
547 574 713 629 Mommsen
828 574 972 642 Puteolis,
991 590 1074 630 nunc
1090 575 1166 631 Nea·

150 644 213 714 poli
364 645 440 699 haec
460 646 498 699 ab
518 646 615 700 altera
634 652 721 714 parte
740 645 850 714 lapidis
870 646 990 714 scripta,
1010 647 1049 701 ab
1069 647 1166 701 altera

151 713 262 771 honori
283 713 311 771 0.
331 714 417 770 Mari
435 714 599 783 Fortiana,
614 718 749 785 patrono
769 713 886 771 triclini
904 715 1074 772 Elaeniani
1092 734 1122 773 n.
1137 735 1164 772 a.

150 805 176 841 r.
195 792 250 842 aut
267 788 293 841 b.
330 787 454 842 honoris
478 789 595 843 auctori
618 789 748 842 fortasse
771 789 814 842 sic
837 787 1036 842 acclamatum
1061 794 1107 843 est
1126 790 1165 843 ob

150 860 268 929 gratias

604 967 712 977 u—-——

637 1072 680 1136 28

151 1197 280 1263 Marcus
304 1197 476 1263 Frontlnus
499 1196 701 1262 Memnonem
727 1215 834 1260 coram
858 1195 965 1261 audio.

224 1373 297 1431 CIL.
317 1373 361 1429 111
379 1373 415 1428 62
544 1374 577 1426 in
594 1372 764 1427 Memnonis
783 1376 885 1427 statua
904 1372 961 1427 sub
981 1372 1166 1428 carminibus

151 1445 276 1500 Maximi
295 1444 404 1501 Statilii
422 1445 577 1500 trochaico
597 1450 628 1499 et
646 1444 777 1498 iambico
798 1459 877 1512 quae
896 1444 978 1497 intra
996 1459 1166 1514 proponen-

151 1523 211 1582 tur,
230 1531 305 1587 ergo
325 1522 394 1587 post
412 1533 439 1571 a.
459 1517 512 1571 136
529 1532 567 1569 m.
586 1515 673 1571 Febr.
810 1515 945 1569 iambum
962 1512 1166 1570 Mommsenus

152 1589 283 1658 agnouit
298 1602 337 1642 ex
355 1587 553 1657 praenomine
566 1588 705 1642 omnibus
717 1586 824 1640 litteris
841 1587 962 1656 scripto.
982 1590 1013 1640 et
1025 1587 1167 1640 carminis

153 1675 248 1715 causa
272 1674 417 1730 praesens
442 1663 562 1728 tempus
594 1658 722 1712 electum
751 1662 797 1712 est
820 1657 1035 1725 adiectumque
1063 1671 1166 1711 coram

153 1731 310 1800 (Horatius
329 1731 415 1800 epist.
437 1730 451 1783 Ι
469 1730 494 1797 l,
514 1730 549 1784 38
568 1727 685 1783 audisti
704 1728 818 1795 coram)

639 1908 682 1972 29

152 2035 252 2100 Vrsns
275 2035 406 2118 togatus
428 2034 534 2098 uitreis
557 2035 612 2116 qui
634 2034 755 2117 primus
778 2030 846 2116 pila

152 2143 215 2207 hisi
237 2142 389 2206 decenter
412 2160 484 2206 cum
506 2130 587 2205 meis'
609 2137 768 2205 lintribus

152 2248 306 2314 laudante
329 2247 447 2333 populb
471 2247 618 2312 maximis
641 2243 835 2312 elambribus

152 2357 286 2422 thermis
309 2353 466 2437 Traiani,
489 2353 623 2419 thermis
646 2352 812 2436 Agrippae
836 2356 869 2414 ct
892 2348 968 2425 Titi,

129 2463 286 2527 smnltum
310 2466 343 2526 et
365 2460 511 2543 Nemnis,
535 2463 564 2525 si
586 2466 694 2524 tamen
716 2456 795 2521 mihi
819 2454 960 2537 creditis,

154 2589 217 2654 ego
240 2588 319 2634 sum.
348 2569 481 2634 ouantis
505 2569 674 2633 conuenite
696 2563 845 2649 pilicrepl

153 2681 355 2757 statuamque
378 2675 474 2739 amici
496 2672 638 2755 fldribus‚
661 2671 755 2736 uiolis
778 2672 859 2734 rosis

154 2782 295 2864 foliique
318 2780 417 2845 multo
441 2780 546 2863 adque
569 2777 732 2862 unguenti
755 2772 898 2842 marcidb

154 2890 286 2955 onerate
309 2886 453 2954 amantis
476 2892 508 2952 et
530 2905 651 2951 merum
674 2881 859 2968 profundite

116 2997 280 3080 mnigrum
302 2994 474 3060 Falernum
497 3000 553 3058 aut
576 2991 721 3058 Setinum
744 2995 800 3054 aut
824 2987 1006 3053 Caecubum

153 3104 228 3168 utut
252 3122 292 3168 ac
314 3102 437 3167 uolanti
460 3100 501 3165 de
524 3098 685 3185 apothtca
707 3096 869 3161 dominica

154 3209 332 3292 Vrsumque
356 3208 462 3274 canite
484 3206 565 3271 udae
589 3202 741 3270 concordi
764 3221 873 3267 senem

153 3316 288 3382 hilarem
311 3315 453 3380 iocdsum
475 3311 665 3397 pilicrepum
687 3309 924 3390 scholasticum,

155 3426 210 3507 qui
232 3423 312 3489 uicit
334 3419 444 3487 omnes
466 3416 685 3484 antecessdres
708 3415 782 3481 sutis

116 3555 142 3596 ιε,
154 3529 259 3612 sensi,
283 3527 399 3594 decdre
422 3525 528 3608 adque
552 3531 621 3589 arte
644 3521 864 3606 suptilissima.

207 3630 410 3675 Anthot.lat.11
989 3622 1006 3676 2
