2634 3892
161 126 220 182 350
605 140 745 182 nucum

162 290 318 353 innocens
342 286 397 370 qui
420 287 539 370 uixtit),
563 307 688 373 semper
711 289 744 353 in
767 308 849 373 pace
872 288 1027 372 quiescat.

163 396 217 461 cui
241 415 313 459 curn
336 394 386 459 bis
408 394 500 459 binos
522 400 638 459 natura
659 400 695 459 ut
719 396 883 479 conpleret
906 415 1017 478 annos,

161 501 275 568 astulit
298 508 369 566 atra
393 499 462 566 dies
485 507 519 566 et
541 501 652 566 funere
675 502 786 566 mersit
808 501 936 567 acerbe.

235 678 343 732 Marini
362 683 419 732 act.
439 678 476 732 fr.
495 675 568 753 Aru.
588 695 616 747 p.
630 677 682 732 827
783 678 815 730 in
835 680 1016 733 coemeterio
1031 678 1179 748 Cyriacus

162 751 335 804 christianis
348 748 485 803 litterise
505 754 534 802 et
550 765 573 801 ω
593 754 623 802 et
636 749 675 815 Χρ
694 749 858 818 insignitus
877 749 962 818 lapis,
981 750 1099 805 litterae
1118 766 1180 805 ma·

163 821 212 875 lae
230 821 385 874 instabiles
405 820 589 889 semiplenae

236 892 251 945 1
272 892 378 945 debuit
392 887 524 959 proprio
544 888 666 944 nomiae
686 894 739 944 aut
755 888 922 962 proprium
940 906 1051 946 nomen

158 963 314 1017 :iactura
333 960 391 1016 uix
410 961 453 1016 c?
544 961 563 1014 4
580 961 614 1016 V.
634 960 710 1016 Aen.
729 960 773 1014 Xl
791 962 835 1029 28,
855 977 948 1031 supra
968 962 1055 1030 esur

637 1140 701 1205 733

160 1267 247 1352 H]eu
271 1267 399 1349 quantis
421 1264 611 1350 impedimur
633 1265 774 1330 lacrimis
794 1284 970 1330 memorare
986 1266 1177 1350 sepulcrum,

162 1373 249 1459 e]um
272 1374 378 1439 subito
401 1372 494 1438 nobis
518 1392 664 1437 carorum
686 1372 783 1436 trium
805 1372 905 1456 prolis
928 1371 1079 1455 aufertur,

161 1481 292 1565 Agatcn
316 1479 497 1563 [almabilis
521 1484 617 1561 teque
641 1476 777 1543 defleam
799 1479 954 1563 Yppolite
978 1477 1091 1561 dulcis,

162 1607 309 1653 necnon
333 1592 366 1651 et
388 1591 422 1650 tu
446 1584 617 1668 omni[b]us
640 1586 710 1649 istis
734 1585 838 1649 carior
860 1584 1050 1649 Petrcnalis.

135 1715 182 1761 so
205 1699 275 1759 atra
299 1692 368 1757 dies
392 1712 412 1756 a
436 1713 498 1775 qua
521 1692 660 1757 tumulus
683 1690 849 1776 suslclepit
870 1691 963 1757 funus
979 1711 1177 1775 germanum.

232 1869 367 1923 Fabretti
387 1869 447 1936 733,
467 1868 520 1923 456
620 1868 735 1923 Romae
755 1872 838 1922 trans
858 1867 999 1922 Tiberim.
1027 1868 1178 1949 subscrip.
1294 1920 1313 1933 f,

161 1946 226 1995 turn
245 1939 294 1995 bic
313 1938 502 2010 requiescent
521 1937 556 1992 ia
570 1954 648 2008 pace
667 1939 764 2008 Aqato
789 1936 948 2008 Yppolitus
965 1939 1177 1994 etPetroaalts

158 2028 231 2082 999.
249 2012 305 2081 fff.
326 2013 411 2081 (puto
430 2008 587 2065 eartssimr'
602 2009 661 2079 filii
680 2011 751 2078 tres)
887 2010 987 2065 flebile
1007 2015 1037 2064 et
1055 2025 1179 2065 sacrum

160 2098 280 2152 poema,
301 2083 339 2137 de
357 2084 506 2152 principio
527 2082 565 2136 cf.
584 2081 645 2148 565,
664 2086 761 2135 metro
782 2085 887 2149 aptum
906 2096 984 2150 opus
1004 2083 1048 2135 est

636 2223 701 2288 734
723 2230 728 2244 ²

161 2351 281 2418 (lonsul
304 2350 337 2415 in
360 2349 501 2435 egregiis
524 2349 574 2414 bis
597 2349 682 2414 senis
705 2347 846 2412 fascibus
869 2355 982 2412 auctus

161 2478 298 2542 magnus
321 2459 363 2524 ab
386 2458 514 2523 Insteiis
537 2476 617 2541 gens
640 2456 763 2540 inclyta
786 2455 1001 2540 Pompeianus

162 2566 237 2631 istic
260 2571 402 2630 terrenos
426 2563 559 2629 terrenis
582 2562 712 2628 sedibus
736 2569 825 2626 artus

162 2670 315 2753 reddidit,
339 2671 436 2753 inque
459 2669 546 2735 sinus
569 2670 682 2734 summi
706 2666 862 2752 genitoris
885 2672 1030 2752 apertum

137 2778 295 2845 saethera
318 2776 514 2862 peruclitans
536 2775 661 2841 leuibus
683 2794 718 2840 se
741 2773 870 2840 sustulit
893 2773 963 2856 alis,

165 2885 287 2969 caelcq.
312 2890 345 2950 et
368 2885 460 2950 terris
483 2882 613 2969 placida
635 2883 683 2948 sic
706 2901 787 2967 pace
810 2887 956 2965 repostus

164 2993 242 3059 felix
265 2992 337 3058 luce
359 3011 444 3056 noua
467 2990 645 3056 saeclorum
668 2988 702 3052 in
725 2987 854 3054 saecula
877 2986 1008 3072 gaudet.

164 3100 301 3165 femineo
325 3097 383 3164 sed
406 3097 495 3163 uicta
517 3098 624 3162 animo
649 3101 682 3161 et
703 3094 885 3162 miserabile
909 3093 996 3159 dulci

164 3225 317 3290 germano
342 3203 467 3270 diuulsa
491 3202 603 3269 dolens
626 3201 789 3285 fratremq.
813 3199 979 3284 requirens

129 3310 268 3378 roPaula
291 3332 380 3377 soror
402 3309 557 3375 tumulum
580 3307 672 3374 dedit
695 3313 727 3372 et
749 3306 871 3373 solacia
893 3306 1003 3389 magni

164 3436 266 3502 parua
288 3418 362 3482 tulit
383 3416 498 3499 luctus,
522 3416 638 3498 tristiq.
663 3414 726 3479 heu
748 3419 880 3499 pectore
903 3412 1003 3478 ‘salue

164 3531 386 3608 perpetuumq.
410 3522 483 3588 uale
506 3522 606 3587 frater
629 3518 803 3587 carissime'
827 3519 921 3586 dixit.
