2644 3884
145 176 185 231 61
610 192 702 233 mum

152 358 235 421 quac
259 337 334 405 dum
358 358 415 423 per
438 360 539 406 annos
562 340 612 406 bis
635 341 749 405 XVIII
772 339 842 404 uita
864 340 957 422 gerit,

152 465 215 511 non
239 453 274 511 ut
297 445 412 511 meruit
435 448 505 512 uita
528 447 640 513 functa
664 456 712 513 est
736 447 852 512 subito.

122 552 180 617 coi
205 553 351 619 conscius
375 561 472 620 aeter.
510 554 588 637 h(ic)
612 557 698 638 etsi),
722 554 829 633 b(ene)
853 553 1033 636 qtuiescat).

223 728 294 783 CIL.
314 730 384 785 VIII
405 731 492 785 10828
602 731 685 801 apud
703 730 885 785 Nattabutes
905 729 1067 784 Numidiae

149 816 170 855 a
189 799 291 857 comiti
311 802 350 856 ad
371 801 448 871 qarr't
466 804 563 856 uerba
582 803 690 855 iambis
710 801 877 854 decurrunt
895 801 986 854 rectis
1005 802 1031 854 si
1049 801 1166 870 echpis

34 898 38 905 ⁴
151 888 311 927 numerum
333 857 390 941 (bis
409 873 521 939 dacem)

222 944 286 999 oet
304 943 443 999 conscius
462 945 564 998 aether
582 943 721 998 conubiis
742 943 832 1012 Verg.
852 941 927 997 Aen.
946 942 988 997 IV
1007 942 1059 996 167

626 1107 686 1169 111

149 1230 323 1316 Splo]ndor
345 1236 514 1315 parentum
537 1231 582 1294 nil
605 1230 684 1295 mihi
707 1230 810 1295 maius
833 1228 933 1311 dedit,

151 1336 258 1421 quam]
283 1336 369 1420 quod
393 1339 507 1402 marito
532 1337 631 1421 digna
654 1339 719 1402 iam
742 1344 810 1400 tum
832 1338 902 1401 uisa
926 1356 1005 1401 sum.

152 1442 221 1527 sJed
244 1444 350 1508 lumen
373 1464 466 1510 omne
489 1445 540 1509 uel
565 1444 664 1509 decus
687 1463 802 1509 nomen
826 1443 897 1524 uiri,

153 1549 264 1633 ageri,
289 1552 426 1636 superbo
451 1552 504 1634 qni
529 1559 656 1617 creatus
679 1552 822 1634 germine

123 1659 301 1743 opatriam,
326 1664 471 1723 senatum
495 1659 695 1741 coniugemq.
719 1656 890 1721 inluminas

153 1765 314 1849 probitate
337 1766 463 1847 mentis,
487 1766 638 1847 moribus,
663 1763 778 1829 studiis
802 1764 903 1839 simul,

152 1870 280 1936 uirtutis
303 1872 428 1957 apicem
452 1872 523 1954 quis
546 1891 728 1955 supremum
750 1876 885 1935 nanctus
908 1888 952 1934 es.

154 1983 188 2043 tu
211 1999 349 2062 namque
373 1977 529 2062 quidquid
553 1979 664 2062 lingua
686 1985 790 2059 utraq.
816 1983 864 2042 est
887 1975 1048 2061 proditum

155 2105 232 2151 cura
255 2086 405 2168 sciorum,
430 2092 524 2170 porta
547 2086 618 2167 quis
642 2085 723 2150 caeli
745 2089 846 2168 patet,

117 2193 206 2258 rouel
230 2212 311 2276 quae
335 2191 431 2276 periti
455 2191 628 2257 condidere
652 2189 795 2256 carmina

155 2300 206 2365 uel
231 2319 313 2382 quae
337 2298 449 2365 solutis
474 2300 605 2364 uocibus
628 2303 702 2363 sunt
726 2296 824 2379 edita,

155 2406 289 2472 meliora
312 2405 423 2471 reddis
447 2427 542 2488 quam
566 2403 704 2488 legendo
728 2422 919 2487 sumpseras.

155 2512 213 2579 sed
237 2513 300 2578 ista
323 2533 440 2597 parua:
464 2520 499 2577 tu
522 2514 594 2597 pius
617 2518 739 2596 mystes
762 2511 862 2575 sacris

155 2620 262 2686 teletis
285 2626 414 2704 reperta
435 2620 551 2686 mentis
575 2640 693 2684 arcano
716 2618 834 2703 premis

116 2752 143 2793 n
154 2726 327 2810 diuumque
350 2747 466 2792 numen
489 2727 657 2812 multiplex
681 2725 795 2790 doetus
819 2725 898 2790 coiis

156 2834 276 2901 sociam
299 2835 437 2918 benigne
462 2835 630 2917 coniugem
653 2838 784 2897 nectens
807 2831 908 2897 sacris

155 2940 319 3010 hominum
343 2940 501 3024 deumque
526 2942 687 3005 consciam
711 2959 751 3003 ac
773 2937 871 3003 fidam
894 2937 964 3003 tibi.

157 3047 234 3130 quid
257 3068 341 3113 nunc
364 3047 502 3114 honores
525 3054 580 3112 aut
602 3053 780 3132 potestates
803 3045 916 3128 loquar

155 3153 382 3237 hominumque
406 3156 490 3220 uotis
514 3154 661 3239 adpetita
683 3151 827 3237 gaudia?

114 3281 237 3345 acquae
260 3267 295 3325 tu
319 3261 443 3327 caduca
466 3281 505 3326 ac
527 3282 629 3346 parua
652 3281 778 3346 semper
801 3267 970 3325 autumans

157 3368 266 3433 diuum
289 3367 441 3434 sacerdos
463 3367 571 3434 infulis
595 3368 698 3433 celsus
723 3367 820 3432 cloes,

157 3482 191 3541 tu
214 3496 275 3559 me,
300 3476 424 3559 marite,
449 3475 689 3560 disciplinarum
712 3474 797 3539 bono

155 3605 270 3670 puram
293 3605 333 3651 ac
356 3584 507 3670 pudicam
530 3592 616 3651 sorte
639 3584 750 3649 mortis
774 3583 917 3648 eximens
