2646 3884
651 306 694 369 58

161 467 284 534 Omnes
307 467 360 533 hei
381 467 444 532 mei
468 472 551 531 sunt.
575 465 658 531 lilius
681 466 769 530 illum
793 485 899 549 mauu,

162 574 218 639 ille
242 574 329 639 illam
353 575 467 639 merito
491 574 594 638 missit
618 580 650 637 et
672 578 794 637 uestem
819 570 919 638 dedit.

165 680 272 763 quoad
293 681 386 762 niuei,
410 683 536 745 niusere
560 698 669 745 omues
692 698 755 743 uua
779 676 862 744 inter
884 699 982 745 meos.

164 787 299 853 eundem
323 788 367 852 mi
390 807 528 851 amorem
553 790 696 871 praestat
717 786 872 869 puerilem
895 805 1027 852 senexs:

52 956 55 961 ,
136 901 398 960 monumentum
421 892 572 958 indiciost
595 912 691 956 saxeo
715 897 859 976 saeptum
885 913 924 957 ac
947 895 1097 959 marmori

165 1002 283 1066 circum
306 1001 459 1085 stipatum
482 1018 624 1065 macrum
647 999 775 1063 multeis
797 997 947 1064 millibus.

236 1194 307 1249 CIL.
327 1195 340 1248 Ι
370 1194 439 1247 1012
466 1193 507 1247 VI
528 1192 622 1247 14338.
648 1190 709 1246 AL.
728 1191 895 1248 Burmanni
914 1194 955 1247 IV
973 1193 1034 1261 232,
1062 1194 1177 1265 Meycri

164 1266 239 1320 1338
294 1295 297 1301 ·
358 1265 484 1319 Romae.
510 1265 679 1318 hodienum
700 1269 807 1318 extant
824 1265 882 1319 nisi
903 1270 1047 1333 quattuor
1065 1281 1175 1321 uersus

162 1338 292 1392 extremi
311 1336 416 1392 Pium
429 1335 542 1389 LXXX
553 1334 589 1388 D.
609 1350 702 1404 supra
721 1341 787 1389 erut
806 1337 951 1405 scriptum
973 1336 1002 1391 Ο.
1024 1336 1175 1393 Caninius

167 1409 194 1463 0.
207 1407 231 1476 f.
245 1408 319 1461 Arar.
332 1409 435 1462 Labeo·
450 1408 546 1474 pater.
566 1407 685 1459 mentiri
705 1406 809 1460 titulus
829 1409 1040 1476 antiquitatem
1053 1408 1174 1462 Momm·
1242 1456 1248 1459 .

160 1494 238 1534 sena
255 1479 418 1532 uidebatur
435 1481 559 1547 propter
573 1483 742 1531 contortam
760 1479 935 1545 orationem,
949 1478 1079 1532 fortasse
1094 1480 1176 1533 circa

161 1549 303 1623 Caesaris
322 1554 449 1603 mortem
467 1550 598 1618 scriptus
617 1555 670 1614 est,
688 1547 788 1601 millia
807 1549 962 1615 perninata
981 1550 991 1601 l
1010 1565 1078 1603 cum
1103 1551 1176 1604 alibi

164 1622 276 1691 legitur
301 1626 365 1675 tura
390 1621 421 1673 in
446 1617 578 1690 Augusti
608 1619 707 1675 indice
733 1634 833 1672 rerum
860 1623 1028 1687 gestarum,
1058 1636 1176 1675 moeros

160 1693 255 1747 etiam
273 1690 426 1761 Vergilius
445 1691 573 1744 admisit.
609 1706 720 1745 uersus
736 1691 850 1762 primus
870 1691 948 1760 pede
967 1696 1076 1759 quarto
1096 1693 1177 1746 clau·

161 1764 254 1830 dicat,
274 1763 444 1832 complures
463 1778 602 1817 sermone
620 1762 761 1816 laborant
779 1762 935 1832 perplexo.
971 1761 1175 1817 Mommsenus

163 1834 243 1905 patri
262 1834 448 1903 respondere
467 1838 554 1903 putat
572 1833 644 1887 inde
663 1849 682 1886 a
701 1849 729 1886 u.
742 1833 761 1886 4
773 1833 814 1886 fili
832 1833 982 1899 libertum,
1001 1834 1084 1902 qnod
1099 1850 1175 1904 puer

160 1906 222 1961 sibi
235 1905 397 1971 debuisset,
417 1921 436 1958 a
448 1910 535 1974 patre
548 1919 581 1959 se
595 1905 707 1959 habere
721 1905 879 1972 dicentem,
893 1920 1060 1975 agaunum
1075 1907 1176 1959 amnia

160 1991 292 2030 narrare
305 1980 423 2046 patrem
436 1977 567 2030 arbitror
585 1977 635 2030 cui
647 1976 764 2045 pridem
777 1982 896 2030 mortuo
916 1977 977 2031 iam
990 1991 1084 2031 senex
1097 1978 1176 2031 filius

160 2053 392 2102 monumentum
420 2048 598 2113 extruxerit,
627 2047 707 2117 patri
734 2047 822 2101 simul
848 2052 878 2101 et
901 2049 954 2115 qui
971 2054 1040 2117 post
1058 2054 1176 2118 patrem

160 2118 359 2173 decesserant
377 2118 485 2172 liberto
505 2133 560 2172 suo
582 2120 709 2185 eiusque
727 2118 818 2172 uxori

235 2189 253 2243 2
275 2190 386 2243 mereto
413 2189 539 2259 Pighius
569 2188 735 2257 descripsit.
773 2188 875 2242 similis
903 2189 1054 2242 sententia
1082 2204 1176 2259 supra

159 2260 238 2329 aas
373 2259 561 2329 4paerilem
589 2259 733 2327 intellego
763 2274 852 2328 quern
881 2274 958 2328 puer
983 2261 1176 2328 praestiterat

164 2333 243 2402 patri
263 2347 397 2386 amorem
503 2330 520 2385 5
539 2332 583 2384 cst
601 2331 739 2384 uocalem
759 2345 846 2383 suam
864 2331 896 2383 in
915 2329 1068 2398 lapidibus
1082 2330 1175 2385 multo

161 2418 255 2471 quam
275 2404 306 2457 in
326 2402 481 2457 codicibus
510 2402 610 2455 rarius
638 2402 755 2456 amittit.
784 2400 924 2454 adscribo
944 2400 1177 2469 Hispaniensem

160 2475 284 2529 titulum
298 2473 370 2529 CIL.
383 2473 412 2526 II
425 2472 495 2527 3495
516 2470 617 2526 Plotia
630 2473 666 2526 L.
680 2474 707 2526 et
726 2471 832 2541 Fufiue
851 2472 869 2524 i.
880 2474 992 2539 Panae,
1011 2473 1084 2527 haec
1096 2471 1176 2527 atr>ci⁴

161 2546 258 2600 datast
276 2544 397 2611 ancilla,
416 2542 481 2598 licie
499 2542 596 2597 sitast.
615 2544 688 2597 haec
711 2540 814 2612 qualis
829 2541 928 2612 fuerit
950 2544 1057 2598 contra
1071 2545 1176 2613 patro·

163 2632 239 2670 aura
250 2618 418 2684 patronam
433 2617 594 2684 parentem
613 2613 779 2684 coaiupem,
802 2616 1030 2669 monumentum
1049 2613 1175 2682 iudicat,

161 2689 237 2755 quia
256 2688 445 2741 senariorum
464 2686 603 2755 exemplo
615 2688 733 2739 factum
754 2685 862 2755 opinor
875 2701 1005 2767 quorum
1018 2687 1094 2741 alter
1107 2688 1175 2741 talis

159 2758 237 2813 haec
256 2756 358 2827 qualis
374 2754 472 2827 faerit
491 2756 614 2812 domiuo
634 2759 862 2811 monumentum
880 2755 999 2811 indicat

159 2830 217 2883 ei.
239 2830 427 2884 extrinsecus
457 2830 570 2882 circum
598 2843 734 2883 moerum
762 2843 913 2883 marmore
940 2829 1034 2883 multo
1061 2832 1175 2883 tectum

158 2916 276 2971 magno
296 2905 418 2969 sumptu

650 3061 693 3125 59

160 3203 246 3268 Heic
270 3203 330 3287 cst]
357 3203 486 3268 ...ulia
510 3203 639 3281 Quincti
662 3204 765 3269 Ranci
789 3202 879 3268 feilia

159 3309 292 3388 Quincti
315 3310 453 3394 le]iberti
477 3311 577 3395 Proti,
601 3312 676 3394 quai
700 3311 801 3375 fatum
824 3329 923 3394 graue

162 3417 310 3501 infestae]
335 3419 458 3484 Parcae
481 3438 521 3483 ac
543 3417 638 3482 finem
660 3418 747 3483 uitae
771 3421 959 3498 statuerunt,

162 3525 218 3588 uix
243 3545 337 3608 quam
361 3524 457 3610 esslet
481 3525 530 3591 bis
554 3525 666 3590 decem
690 3525 800 3589 anneis
823 3528 910 3605 nata,
934 3521 1118 3607 indigniter.
