2650 3882
149 183 201 237 150
287 180 289 184 ’
584 198 722 238 nncrrnr

124 363 228 426 equos
251 344 357 428 terri]s
381 344 483 410 tenuit
505 345 622 411 fratres
646 345 771 429 do[mus
793 367 856 411 una
879 341 1053 430 fidesque,'

148 470 232 515 nunc
257 451 393 535 caelu]m
416 451 556 536 accipiet
578 451 758 536 iungithne
780 453 814 517 in
836 454 945 519 saecla
969 456 1104 520 coronis.

150 592 339 677 comlposuit
361 592 486 676 lauldes
509 595 678 677 Damasus,
704 597 899 679 cognoscite,
922 602 1038 679 rector,

148 707 183 764 ut
207 699 310 784 pleb]s
333 707 446 766 sancta
470 699 581 783 [nonos
604 700 708 766 discat
732 702 894 767 celebrare
916 709 1078 788 patronos.

220 840 398 895 PGermano
413 842 444 895 in
454 841 564 895 Waalii
577 842 695 910 seriptis
706 842 790 896 Rom.
802 844 941 897 trimestr.
956 844 1026 898 1892
1039 861 1067 914 p.
1078 845 1113 899 63
1122 860 1163 899 ss.

256 914 397 966 carminis
420 912 597 967 Damasiani
627 913 768 967 destinati
792 929 830 968 ss.
855 914 983 969 Iohanni
1010 921 1040 970 et
1064 916 1163 970 Paulo

149 982 384 1038 Caelimontanis
410 985 585 1053 fragmenta
613 985 673 1038 alia
696 987 728 1038 in
751 986 819 1040 foro
842 992 965 1055 reperta
990 987 1029 1040 ad
1054 988 1162 1042 aedem

148 1055 267 1109 Romuli
291 1070 396 1123 nuper,
426 1056 486 1109 alia
509 1057 549 1109 ab
567 1054 645 1109 Aldo
665 1056 801 1110 Manutio
826 1058 895 1112 olim
917 1058 1004 1126 lecta,
1028 1058 1079 1112 illa
1098 1059 1165 1127 qui·

149 1125 217 1181 dem
227 1126 433 1180 Philocaliana
452 1129 553 1196 specie
572 1128 740 1181 litterarum
758 1129 912 1197 inscripta.
950 1130 1164 1199 supplementa

149 1197 327 1251 suntRossii
347 1198 429 1261 (bull.
449 1199 577 1252 archeol.
602 1199 680 1252 crist.
701 1199 771 1253 1889
790 1216 818 1268 p.
829 1200 889 1268 143,
908 1200 978 1254 1890
996 1218 1024 1271 p.
1039 1200 1110 1268 147),
1130 1202 1162 1253 in

148 1270 245 1337 primo
265 1283 359 1322 uersu
378 1268 522 1323 Germani
540 1270 558 1322 l.
578 1286 600 1323 s.

219 1339 236 1392 2
251 1354 312 1407 pro
333 1338 452 1394 Christo
471 1339 623 1409 sanquine
640 1340 712 1408 fuso
737 1341 813 1394 dant
835 1340 983 1410 solimam
1001 1359 1025 1396 c.
1044 1359 1067 1397 s.
1089 1342 1161 1411 [ser-

147 1412 254 1464 uatam
274 1409 373 1464 amori
391 1410 516 1465 Rossius
536 1412 694 1479 proposuit
808 1413 823 1467 7
843 1414 886 1466 sic
905 1414 937 1466 in
956 1429 994 1467 ss.
1014 1413 1164 1482 Chrysan-

148 1482 191 1535 thi
210 1486 240 1534 et
250 1480 363 1536 Dariae
383 1481 507 1536 ornauit
519 1482 676 1536 Damasus
689 1482 848 1549 tumulum,
868 1482 1044 1552 cognoscite,
1064 1486 1165 1538 rector

88 1610 91 1617 ,
149 1552 248 1616 (Rossi
267 1553 356 1605 inser.
377 1553 477 1606 christ.
496 1552 526 1606 11
545 1552 604 1620 135,
623 1552 651 1616 9)

624 1715 690 1780 aon
708 1670 712 1677 ’

147 1839 359 1904 Marmoribus
382 1839 501 1903 uestita
525 1838 627 1923 [nouis
650 1839 834 1906 ueneranda
857 1842 1016 1926 sepulcra,

148 1964 230 2029 quae
254 1944 443 2010 intemerata
465 1945 556 2011 fides
569 1945 714 2029 [decorat
737 1947 887 2031 Christiq.
912 1969 1039 2033 corona,

147 2052 202 2117 hie
225 2051 323 2117 etiam
345 2052 452 2136 paries
475 2052 558 2117 insto
584 2053 772 2138 [distinguet
795 2055 930 2121 honore:

148 2161 255 2225 omnia
277 2160 373 2243 plena
395 2159 487 2224 uides
511 2158 632 2242 [diuino
658 2160 776 2226 lumine
800 2163 892 2227 caeli.

218 2301 335 2356 Notizie
356 2302 384 2355 d.
403 2304 487 2357 soavi
507 2302 577 2357 1889
596 2320 624 2372 p.
638 2303 698 2371 274,
726 2309 795 2358 acta
814 2305 894 2359 arch.
914 2305 998 2359 Rom.
1017 2305 1162 2374 municip.

148 2373 218 2427 1889
237 2390 265 2443 p.
277 2372 332 2426 442
351 2373 446 2428 deser.
458 2373 541 2429 Gatti
641 2374 755 2430 Romae
774 2377 805 2429 in
822 2392 928 2445 campo
939 2375 1059 2430 Verano
1079 2377 1162 2445 frag-

147 2448 283 2498 mentum
301 2446 459 2498 marmoris
478 2445 678 2515 calligraphia
692 2446 898 2501 Philocaliana
916 2448 1002 2500 incisi
1021 2448 1164 2501 testantis

38 2570 41 2576 ,
146 2515 272 2570 Damasi
284 2517 504 2570 auctoritatem.
524 2517 664 2586 suppleui
674 2523 708 2571 ut
718 2517 933 2573 adumbrarem
946 2523 1161 2587 argumentum

219 2588 236 2640 3
255 2585 407 2641 iustorum
424 2585 551 2642 aomina
567 2587 682 2655 pandit
690 2588 815 2643 Rossius
834 2590 992 2659 proposuit
1010 2591 1042 2643 in
1050 2589 1163 2644 Waalii
1236 2638 1241 2650 λ

147 2659 222 2712 actis
241 2659 381 2711 trimestr.
400 2657 484 2712 Rom.
504 2659 575 2713 1890
593 2676 620 2728 p.
634 2659 687 2714 287

621 2822 688 2885 310

147 2943 328 3029 (lingebant
351 2945 464 3010 latices
487 2951 627 3010 montem
650 2952 825 3029 teneroque
848 2953 956 3011 meatu

146 3072 281 3137 corpora
303 3053 483 3135 multorum,
509 3054 632 3118 cineres
655 3059 752 3136 atque
775 3072 849 3118 ossa
871 3054 1032 3137 rigabant.

145 3179 210 3223 non
232 3159 306 3223 tulit
329 3159 391 3224 hoc
414 3159 583 3242 Damasus,
609 3160 766 3225 communi
789 3160 863 3243 lege
886 3161 1028 3245 sepultos

145 3270 219 3350 post
242 3266 384 3348 requiem
408 3265 514 3330 tristes
538 3266 653 3330 iterum
676 3267 858 3350 persoluere
880 3286 1010 3351 poenas.

120 3372 289 3456 sprotinns
312 3371 483 3455 adgressus
507 3392 657 3456 magnum
680 3392 831 3457 superare
854 3373 996 3438 laborem
1026 3418 1032 3434 .
1144 3416 1151 3434 .

145 3477 275 3563 aggeris
299 3477 434 3544 inmensi
458 3476 576 3545 deiecit
599 3479 737 3543 culmina
759 3478 886 3544 montis
1222 3471 1227 3479 “

142 3584 258 3650 intima
280 3586 416 3651 sollicite
439 3592 599 3651 scrutatus
621 3585 747 3651 uiscera
769 3593 874 3652 terrae
