2646 3884
156 95 193 149 54
616 108 707 148 11001

157 255 238 308 tara's
258 255 397 311 amatores
417 260 447 310 et
461 258 534 323 post
550 255 663 323 fatales
682 255 799 310 cacitas
923 259 957 311 12
975 257 1010 312 ia
1029 261 1174 328 scopulos

157 325 292 381 incidere
310 326 393 381 attae
412 343 450 382 ex
470 326 623 381 Ciceronis
643 329 851 382 consolatione
872 330 909 382 fr.
929 330 962 383 11
982 330 1058 385 Bait.
1079 332 1174 400 adpo-

159 400 218 453 suit
237 399 408 461 Quicherat.
438 400 577 467 scopulos
596 399 719 452 horreat
737 399 925 467 Bitschelius,
951 403 1095 469 scopatae
1114 405 1174 457 ter·

157 472 225 523 reat
234 469 448 524 Lachmaunus
551 470 583 523 13
602 468 868 525 itaLachmannus
881 473 968 527 bene.
993 489 1055 527 non
1069 476 1173 529 actiae

159 542 217 595 dici
237 546 310 611 puto
331 545 383 610 qui
401 543 496 595 uitam
516 543 626 594 eiciant
646 542 699 594 sed
719 543 849 595 neutrali
869 545 975 611 forma,
995 546 1028 597 ui
1046 547 1170 613 passiua

159 616 210 682 qui
230 629 262 668 se
281 615 439 679 eiaculent,
460 617 494 666 ut
512 614 659 667 uehentes
678 621 748 668 sunt
768 615 820 682 qui
839 616 1003 683 uehuntur,
1027 632 1174 670 exercen-

157 691 202 739 tes
222 687 274 754 qui
300 701 332 739 se
352 689 503 740 exercent.
534 684 663 738 eiciendi
681 685 809 738 uerbum
834 686 979 754 frequens
998 688 1029 740 in
1048 690 1172 742 naufra-

159 758 223 825 ciis,
244 759 280 811 cf.
300 756 389 810 Lucr.
409 755 521 809 111875
539 772 593 809 aec
611 753 762 809 0001101100
782 772 796 809 0
815 756 881 810 atta
900 756 1074 812 0010111101
1093 756 1173 827 eicit,

157 797 216 883 ffiic.
237 835 312 882 tusc.
332 829 421 883 1167.
449 825 856 898 1001100110001111001101100
875 830 969 898 idque
987 830 1082 899 lapidi
1102 846 1173 884 con·

157 903 264 955 uenire
291 902 333 953 ait
358 900 471 965 Brona,
499 905 593 968 negat
611 898 741 952 Dressel.
779 900 827 952 hic
841 900 967 968 plac...
987 901 1070 971 legit,
1098 901 1173 956 inde

154 970 301 1039 placidus
319 971 466 1025 nantibus
486 972 562 1024 coni.
582 969 877 1039 Krascheninnikoff‚
897 974 976 1027 malo
996 971 1137 1027 omnibus

138 1092 139 1097 ,
193 1044 227 1097 15
246 1045 289 1097 ita
307 1043 495 1108 Ritschelius‚
517 1048 584 1095 octo
600 1042 768 1095 litterarum
785 1042 897 1096 lacuna
911 1048 964 1112 est,
983 1043 1051 1098 aila
1063 1059 1175 1112 sappe-

156 1113 376 1180 acquiereret
396 1116 444 1167 cui
464 1117 599 1183 praestat
618 1112 760 1167 conuenit

641 1260 683 1324 98

156 1385 221 1450 Seu
244 1385 355 1449 mortis
378 1386 507 1448 miseret
530 1404 586 1449 seu
610 1384 642 1448 te
665 1385 763 1465 011010,
787 1385 926 1468 perlige:

200 1510 316 1556 nomen
339 1490 537 1575 Xanthippe,
562 1491 632 1555 Iaia
656 1490 788 1556 eaedem
812 1490 946 1574 ludicro,

157 1606 234 1682 quot
258 1598 456 1682 exsprimens
479 1598 589 1663 dolore
612 1598 695 1682 fugit
719 1599 825 1663 anima
850 1618 993 1682 corpore,

201 1707 256 1771 hic
280 1707 477 1788 conquiescit
501 1707 592 1770 crinis
615 1712 719 1770 terrae
743 1706 901 1789 mollibus,

133 1834 253 1896 aquam
276 1812 359 1876 trino
383 1814 535 1878 annorum
559 1813 615 1878 1110
638 1815 835 1898 proterentia

201 1940 316 1985 nouem
339 1926 412 2003 post
435 1920 577 1986 mensum
601 1921 685 1986 Fata
709 1920 878 1986 conficiunt
901 1921 996 2003 malo,

156 2028 225 2092 lues
248 2027 352 2110 ignita
376 2033 476 2092 torret
499 2028 583 2092 ultra
606 2033 683 2110 quot
707 2027 786 2110 dies,

201 2139 335 2199 uenusta
359 2154 493 2198 amoena
516 2135 707 2217 intellegens
730 2141 762 2199 01
785 2136 924 2217 garrula.

157 2261 253 2324 quam
276 2242 368 2323 siqua
391 2242 495 2325 pietas
519 2241 645 2305 insitast
669 2242 870 2322 caelestibus,

118 2373 145 2412 10
201 2349 322 2413 uiuenti
345 2349 474 2432 ingenio
498 2349 556 2412 soli
581 2354 612 2412 et
635 2348 699 2411 luci
721 2346 857 2429 reddite,

158 2456 267 2521 altoris
289 2476 473 2538 memorem,
497 2474 590 2538 quom
614 2461 765 2538 parentes
788 2453 937 2520 dixerant

203 2585 274 2629 cum
297 2564 432 2648 primum
455 2569 564 2627 natust
586 2561 790 2626 Lucilianum
814 2561 968 2627 Cassium.

230 2739 301 2795 CIL.
316 2740 359 2793 XI
372 2740 442 2793 1118
462 2739 557 2792 deser.
570 2738 731 2806 Bormann,
745 2738 841 2793 Lama
859 2741 890 2792 in
901 2739 987 2793 Iahni
1006 2739 1174 2808 specimine

159 2812 317 2881 epigraph.
337 2828 366 2880 p.
381 2812 441 2864 106.
469 2809 531 2863 AL.
551 2811 717 2864 Burmanni
739 2810 858 2877 111323,
878 2811 992 2880 Meyeri
1013 2810 1081 2864 1536

193 2883 331 2936 Parmae.
360 2883 581 2951 praescriptum
607 2882 635 2934 d.
659 2882 701 2935 M.
721 2881 914 2950 Xanthippes
937 2880 1003 2935 siae
1028 2879 1113 2935 Iaiae
1140 2880 1172 2935 0.

160 2953 285 3009 Cassius
305 2953 487 3008 Isacila'anas
507 2955 649 3007 alumnae
673 2951 876 3007 dulcissimae.
915 2955 1016 3023 apices
1038 2954 1170 3021 impositi

158 3026 259 3096 longis
278 3041 376 3095 paene
396 3041 499 3079 omnes
518 3025 687 3079 uocalibus.
710 3040 819 3079 uersus
838 3032 1000 3093 corruptus
1019 3025 1043 3090 3,
1063 3025 1174 3077 labans

159 3100 281 3152 nomine
299 3098 378 3150 male
397 3112 569 3166 compresso
592 3096 634 3163 12,
653 3097 744 3151 balbe
762 3103 887 3150 narrata
906 3097 1059 3166 pleraque.
1098 3111 1174 3163 quo-

159 3169 240 3222 circa
259 3184 327 3222 cum
346 3185 408 3222 non
427 3169 585 3238 uolgarem
600 3169 661 3221 alia
674 3169 857 3237 elegantiam
876 3170 992 3236 spirent
1009 3173 1044 3220 ut
1061 3181 1171 3220 uersus

158 3240 183 3306 4,
211 3241 283 3293 mihi
308 3247 426 3294 constat
446 3239 583 3294 Cassium
609 3241 772 3309 sumpsisse
798 3239 922 3293 aliunde
947 3239 1058 3307 quibus
1082 3253 1171 3291 suum

159 3327 280 3365 carmen
301 3314 498 3365 concinnaret
517 3312 651 3365 lacinias.
679 3318 835 3380 tamquam
847 3313 878 3363 in
895 3311 989 3379 elegis
1002 3309 1078 3363 01101
1092 3309 1172 3378 quis-

160 3398 220 3451 que
238 3397 347 3436 uersus
366 3385 530 3437 introrsum
549 3382 665 3437 recedit

229 3454 246 3507 2
271 3455 347 3510 haec
367 3456 410 3509 sic
429 3455 559 3524 expedio
579 3455 682 3508 nescio
702 3468 793 3523 quam
816 3457 912 3506 recte:
937 3466 1049 3506 nomen
1073 3450 1171 3504 eidem

155 3529 226 3579 erat
243 3526 308 3580 1010
327 3542 346 3580 0
365 3527 483 3580 lusione
504 3541 596 3595 quam
616 3526 806 3595 exprimebat
825 3524 927 3577 anima
940 3524 1031 3577 etiam
1049 3524 1082 3576 in
1094 3538 1175 3577 mor-
