2650 3882
188 141 243 198 208
628 156 766 197 nacrrm

189 305 287 374 θ(εοῑς)
310 303 525 369 anseromiae)
550 309 581 357 et
603 304 708 373 graeci
731 303 900 358 hexametri
919 310 1064 373 quattuor
1082 304 1201 368 (Kaibel

188 377 284 447 epigr.
303 374 366 439 680)
388 375 499 443 quibus
518 373 632 430 Sabina
650 389 746 429 annos
766 380 838 429 nata
856 375 954 430 XXVI
974 390 1041 429 cum
1061 375 1122 429 filia
1140 392 1200 430 ma·

187 448 241 502 tris
261 447 385 515 sequaci
404 447 524 515 sepulta
542 446 652 499 dicitur

260 518 275 570 1
295 516 343 572 hia
363 515 558 583 Schradarus‚
579 518 616 570 cf.
635 515 690 570 430
826 515 912 571 Aelia
930 516 1031 571 media
1050 518 1200 587 producta

189 588 452 659 quemadmodum
466 588 590 642 uomina
613 587 720 641 similia
739 586 751 641 i
770 588 863 657 longa
882 588 1028 657 insignita
1046 591 1077 643 in
1096 603 1200 643 monu-

187 661 296 715 mentis
316 663 464 729 apparent
483 659 584 712 multis
717 658 817 713 2tum
836 658 978 727 Meyerus
996 661 1104 715 uilium
1123 662 1198 715 uitio

186 732 338 786 redimens
461 745 555 800 quam
572 730 756 798 interpretor
774 735 809 784 ut
826 731 889 783 u.4
907 735 938 785 et
957 745 1105 800 persaepe
1124 731 1199 785 alias

259 802 277 855 4
295 799 379 925 Ditga
399 802 495 871 primo
512 814 586 854 casu
596 798 790 855 Burmannus
804 801 949 871 scriptum
964 803 1092 870 putauit,
1106 803 1197 856 immo

188 878 234 930 est
253 888 346 928 secun
369 887 387 928 o

185 1068 336 1151 Quisquis
360 1067 438 1134 ades
462 1066 558 1133 celeri
581 1058 704 1153 gressu,
727 1087 851 1154 precor,
875 1068 921 1133 ito
944 1068 1058 1150 uiator,

183 1177 228 1242 ito
252 1176 364 1260 procul
386 1181 419 1241 et
442 1174 550 1256 linque
572 1174 674 1257 nefas,
698 1173 757 1239 tibi
781 1174 865 1258 dico,
889 1173 1009 1240 uiator:

107 1312 112 1319 ¹
182 1302 280 1368 parce
303 1283 404 1348 oculis
427 1301 487 1347 neo
509 1287 620 1347 nostra
642 1280 724 1346 uelis
746 1301 942 1366 cognoscere
965 1281 1043 1364 fata,

181 1387 359 1473 sanguinea
382 1387 469 1473 palla
492 1406 575 1469 quae
598 1386 682 1452 texit
704 1387 842 1472 prodiga
866 1387 980 1454 Clotho

158 1502 214 1561 set
237 1495 318 1560 fauit
340 1495 464 1579 rupisse
487 1513 561 1558 suas
585 1512 712 1576 quoquc
735 1493 789 1559 fila
812 1514 937 1560 sorores

180 1600 322 1668 luctifica
344 1606 536 1685 properante
559 1619 665 1664 manu.
701 1601 765 1665 iam
789 1600 867 1666 siste
889 1601 1004 1684 uiator,

179 1728 221 1774 ne
243 1708 306 1779 tihi
325 1708 385 1773 sim
408 1706 536 1792 penitus
559 1708 726 1789 quaerenti
750 1727 848 1773 causa
870 1707 1004 1774 doloris:

179 1812 258 1882 sede
280 1814 339 1880 sub
362 1813 425 1879 hac
447 1832 549 1898 parua
572 1812 664 1878 titulo
689 1833 854 1899 paruoque
877 1821 1003 1880 tenetur

178 1941 281 2007 parua
303 1920 445 2005 [anilma
469 1920 561 1987 dolor
583 1921 745 1986 inmensus
769 1921 954 2004 orudileque
979 1920 1097 2006 [fu]uus

141 2050 170 2090 10
179 2029 371 2110 orbataeque
394 2046 510 2112 parens
533 2026 689 2110 geminus,
713 2047 788 2113 spes
811 2026 892 2093 dura
915 2028 1031 2093 triemn

179 2133 313 2218 diraque
336 2154 405 2199 sors
428 2133 494 2198 leti.
533 2134 641 2218 placet
663 2133 737 2218 hoc,
759 2134 913 2217 Fortuna,
937 2134 1163 2220 sepulchrum?

250 2275 373 2332 cmvi
383 2275 471 2329 10969
487 2275 582 2330 deser.
592 2273 766 2341 Mommsen,
782 2272 864 2330 Gudi
876 2274 966 2341 rael
978 2276 1030 2344 qui
1043 2275 1191 2330 litteratu-

178 2363 244 2403 ram
263 2348 372 2402 aetatis
397 2361 464 2401 esse
483 2345 719 2401 commodianae
738 2346 821 2412 dixit,
849 2344 897 2400 Or.
917 2345 997 2400 4844.
1036 2345 1097 2399 AL.
1117 2346 1190 2400 Bur-

177 2420 282 2473 manni
301 2417 340 2474 IV
359 2418 420 2486 272,
439 2417 555 2486 Meyeri
574 2416 644 2473 1372
784 2418 817 2470 in
835 2432 890 2471 ara
909 2416 1078 2486 sepulcrali,
1098 2433 1190 2486 quam

73 2520 76 2527 ι
177 2489 283 2545 Aeliae
302 2488 435 2545 Sabinae
451 2488 556 2543 Aelius
575 2488 756 2558 Trophimus
780 2493 810 2542 et
828 2486 982 2557 Longinia
1000 2486 1114 2543 Sabina
1139 2504 1190 2559 pa·

177 2567 279 2617 rentes
298 2562 444 2626 fecerunt,
463 2559 578 2615 Romae
596 2560 723 2614 inuenta
741 2558 925 2613 Panormum
944 2559 1092 2614 translata

248 2632 266 2686 3
283 2629 373 2685 cellia
391 2631 468 2700 lapis
603 2627 775 2698 4pr0uidu
793 2628 928 2684 Fabretti
946 2630 1006 2697 238,
1025 2630 1078 2685 635

177 2701 296 2772 dfauit
313 2702 412 2756 uoluit
430 2707 461 2756 et
479 2702 590 2771 gauisa
609 2706 664 2756 est.
694 2698 822 2770 eaepauit
841 2702 917 2755 coni.
938 2699 1125 2757 Schraderus

260 2774 278 2828 6
296 2778 327 2828 et
345 2777 507 2842 sequentes
525 2773 557 2826 in
577 2772 686 2828 dextro
705 2772 800 2827 latere
820 2773 872 2853 qui
895 2778 966 2827 sunt
985 2774 1094 2842 partim
1118 2788 1188 2828 eua-

176 2860 273 2901 nuere
380 2845 396 2898 7
415 2842 449 2897 V.
459 2840 534 2897 Aen.
548 2842 655 2924 IX218
670 2858 731 2897 neu
743 2841 942 2899 mammam
958 2859 1053 2898 causo
1071 2842 1189 2898 dolosas

175 2912 1040 3067 {indiiahhedlsmpddiihlsitllillissldtlia
1058 2915 1188 3054 tutti

93 3076 95 3081 ·
178 3059 339 3113 aduolauit
356 3055 506 3127 MeyeruS,
526 3057 576 3112 ille
595 3059 753 3112 continuat
772 3057 870 3111 docere
890 3056 1036 3126 Pompec?

175 3306 308 3392 Longus
329 3330 419 3376 amor
440 3308 573 3395 pcr(i)lt.
609 3202 745 3395 diffie
767 3314 868 3374 morte
891 3306 1048 3393 recept(a)

175 3414 297 3480 utinam
320 3416 378 3482 mis
398 3413 403 3502 Ι
423 3416 525 3483 Fatus
547 3416 682 3482 texisset
704 3415 866 3499 utrosque.

246 3554 352 3611 Revue
371 3556 593 3628 epigraphique
611 3557 653 3612 du
674 3556 748 3611 midi
767 3556 837 3611 1885
856 3572 883 3626 p.
898 3555 957 3623 137,
970 3554 1023 3611 563
1042 3560 1072 3611 et
1090 3572 1118 3625 p.
1133 3556 1187 3612 173
1296 3512 1297 3567 ἶ
