2650 3882
80 116 171 196 174
571 145 714 193 Duorum

611 313 676 381 371

83 408 292 494 1111P⁰¹³³ae
317 414 462 489 causam,
487 411 620 484 titulum
645 427 700 506 qui
726 431 879 515 perlegis,
904 434 981 499 audi

84 528 145 597 επ
175 502 297 570 iustam
321 522 444 586 quaeso
468 518 605 601 pictatis
628 536 762 621 percipe
787 559 905 605 curam.

92 618 195 721 quis
218 624 296 672 uera
318 620 356 677 ut
381 622 517 706 cupiant
542 640 705 708 concorde
729 646 839 711 uiuere
862 668 951 713 mens
975 655 1033 731 cst,

94 743 181 814 hos
207 734 332 784 ammos
356 738 507 810 spectent
532 746 600 825 atq.
626 745 709 815 haec
733 755 881 838 exempla
905 762 1087 838 sequantur.

58 845 206 938 &haec
229 821 312 942 loqu,
338 829 416 900 dum
441 843 563 931 uiuent,
588 851 690 920 libeat
714 859 795 924 bene
820 868 936 926 cuncta
959 863 1040 926 tueri

100 940 199 1048 pOst
222 930 379 1023 obltumq.
405 965 498 1016 suurn
522 958 655 1026 tradant
679 971 744 1030 tum
769 966 886 1033 deinde
909 967 1034 1051 futuris,

105 1075 162 1135 110
190 1037 320 1107 deserta
343 1065 466 1122 uacent
489 1061 611 1145 ignotis
635 1070 731 1137 deuia
754 1074 858 1156 busta,

107 1153 185 1242 Sed
210 1153 280 1212 tuta
303 1161 439 1229 aeterno
463 1183 626 1259 praeeant,
651 1179 678 1243 si
703 1180 810 1245 dicere
833 1181 883 1246 ias
907 1189 965 1247 est.

202 1289 275 1347 CIL.
285 1292 328 1349 VI
339 1299 430 1362 1093?
441 1310 537 1368 deser.
547 1315 759 1387 Wattenbach,
770 1321 860 1375 Orelli
869 1322 948 1376 4517.
967 1322 1029 1376 AL.
1040 1323 1150 1392 Meyeri

114 1372 183 1461 89β
302 1383 402 1443 ΡΓΟΡΘ
422 1379 550 1439 Romam
568 1391 621 1442 uia
640 1390 797 1445 Labicana
815 1408 878 1462 rep.
898 1410 980 1447 nunc
1000 1393 1151 1448 Stockhol-

117 1453 211 1513 miae
342 1455 506 1529 praecedit
526 1462 627 1529 ampla
647 1463 808 1531 descriptio
829 1480 934 1518 earurn
955 1480 1056 1518 rerum
1077 1481 1151 1533 quas

121 1523 164 1581 Τ,
185 1509 220 1564 Τ.
240 1505 362 1570 Cocccu
382 1519 451 1579 Gaa
471 1534 500 1581 et
519 1529 642 1601 Patiens
662 1542 840 1602 quaestores
860 1536 1026 1605 collegiarii
1047 1537 1151 1591 libera-

124 1589 218 1681 litate
236 1579 270 1635 T.
290 1594 416 1653 patroni
435 1600 598 1657 faciundas
618 1612 765 1659 curarunt
783 1607 827 1659 sic
853 1607 993 1661 desinens
1012 1605 1151 1677 idemque

123 1662 245 1725 oricum
267 1669 461 1742 PQrttortrrrrq.
487 1675 514 1727 et
536 1675 648 1744 florum
671 1674 883 1746 uiridiumque
908 1676 1045 1732 orarium
1067 1694 1151 1748 qene-

128 1744 205 1796 rum
224 1734 395 1819 septembres
419 1757 455 1795 ea
478 1745 544 1799 loeo
563 1763 640 1816 quae
664 1747 770 1812 dirtos)
786 1751 963 1815 precones)
982 1747 1152 1803 decurioni·

128 1814 192 1866 bus
211 1814 278 1853 suta
297 1805 493 1869 adtrrbuerat
511 1833 549 1871 erc
563 1818 698 1886 pecunia
714 1818 840 1887 publico
859 1820 1093 1873 odorcauerurtt
1106 1820 1152 1875 si-

128 1888 232 2005 sgqtna
254 1872 356 2001 Tffitro
370 1884 405 1938 L.
419 1885 580 1944 Scribonio
600 1889 715 1944 Libone
734 1906 792 1944 cos.
821 1893 873 1959 qui
893 1906 991 1944 annus
1013 1895 1058 1946 est
1077 1893 1152 1946 chri-

131 1959 253 2010 sranus

198 2016 225 2102 '3
243 2026 392 2081 concorde
411 2030 593 2085 aduerbium
612 2034 707 2086 simile
732 2034 776 2087 eis
800 2048 879 2101 quae
897 2033 1013 2087 Nonius
1028 2033 1151 2087 exhibet

134 2096 238 2160 capite
261 2094 424 2154 undecimo
450 2102 488 2156 de
513 2104 682 2157 indiscretis
706 2104 869 2169 aduerbiis
897 2120 1027 2158 memore
1048 2103 1152 2173 futtile

133 2164 229 2221 celere
248 2162 285 2217 al.
304 2167 385 2225 idem
405 2174 436 2226 in
455 2175 542 2228 titulo
553 2174 689 2228 Romano
704 2174 829 2229 Henzen
843 2175 913 2229 7382
932 2176 1044 2244 iegitur
1062 2180 1151 2244 (quae

133 2250 253 2291 mecum
272 2239 352 2294 uixit
371 2246 424 2296 iore
438 2246 584 2299 concorde
603 2246 645 2299 od
661 2245 788 2313 fatalem
808 2246 908 2311 diem).
937 2246 1150 2315 produciture

135 2314 171 2363 ut
194 2307 226 2360 in
246 2309 366 2367 abunde
390 2316 515 2383 (adserit
533 2316 745 2380 IuiRomanus,
769 2316 937 2370 dissimulat
958 2317 1149 2384 Priscianus),

137 2395 199 2434 non
220 2384 382 2453 corripitur
400 2396 434 2441 ut
454 2390 486 2442 in
503 2387 596 2458 focile
697 2388 714 2439 4
733 2387 823 2456 Verg.
837 2404 866 2457 g.
881 2388 922 2442 IV
933 2388 985 2441 219
1004 2390 1064 2457 atq.
1078 2389 1149 2442 haee

135 2453 276 2521 exemplo
296 2457 392 2513 secuti
499 2460 644 2514 aconcio
661 2459 781 2527 cippus:
803 2460 884 2512 culta
904 2460 1053 2513 edebatur

27 2760 30 2767 ,
135 2702 241 2770 Natus
253 2726 321 2772 sum
333 2730 455 2775 summa
467 2710 499 2773 in
511 2710 673 2794 pauperie,
691 2709 792 2772 merui
808 2715 881 2793 post
894 2709 1045 2774 classicus
1058 2709 1149 2776 miles

134 2807 180 2872 ad
203 2811 286 2879 latus
309 2815 446 2899 Augusti
470 2835 570 2880 annos
593 2821 778 2899 septemque
803 2814 976 2897 decemque

134 2917 223 2984 nullo
247 2919 331 3004 odio,
355 2923 423 2987 sine
447 2921 579 3003 offensa,
603 2920 717 2986 nrissus
741 2940 835 3002 quoq.
860 2920 1002 2987 honeste.

208 3061 279 3116 CIL.
293 3062 319 3116 V
332 3063 385 3117 938
404 3078 442 3116 ex
461 3061 580 3115 schedis
680 3076 776 3130 prope
793 3059 965 3129 Aquileiam
984 3070 1147 3130 repertum.

135 3133 325 3197 praecedunt
348 3134 423 3187 haec
445 3134 479 3186 L.
503 3130 629 3186 Trebius
653 3132 683 3184 T.
701 3131 725 3200 f.
745 3133 840 3199 poter,
867 3133 901 3185 L.
925 3131 1050 3187 Trebius
1070 3134 1104 3186 L.
1122 3133 1147 3202 f.

133 3201 220 3256 Ruso
247 3203 316 3274 fieri
341 3203 444 3270 iussit,
471 3205 609 3272 sequitur
633 3202 671 3256 de
696 3204 854 3256 circumitu
880 3205 1066 3258 monumenti
1096 3221 1147 3258 no-

135 3275 209 3328 tatio
228 3276 246 3329 l.
263 3292 296 3344 p.
316 3290 343 3345 q.
363 3276 439 3330 XVI
574 3275 629 3328 etsi
648 3278 735 3343 pater
755 3276 937 3342 cognomine
956 3280 1047 3341 caret,
1067 3283 1147 3329 aeta-

133 3346 194 3397 tem
214 3346 298 3400 haud
316 3347 403 3400 nimis
422 3351 575 3400 uetustam
594 3345 694 3415 prodit
709 3345 882 3398 classiarios
897 3346 936 3398 ad
949 3346 1028 3399 latus
1041 3345 1147 3416 Augu·

132 3414 172 3466 sti
191 3432 310 3473 merens
329 3418 443 3472 Rornae
461 3424 496 3471 ut
513 3418 636 3471 uidetur
656 3416 689 3468 in
708 3416 814 3469 castris
827 3415 1018 3471 Misenatium
1028 3417 1147 3471 Rauen·

134 3489 300 3544 natiumue.
343 3490 474 3543 debebat
498 3489 588 3542 scribi
612 3490 674 3540 u.1
700 3489 793 3541 notos
815 3502 884 3541 sum
902 3503 1034 3556 pauper,
1064 3489 1146 3558 quod

132 3553 337 3616 Mommsenus
356 3561 522 3629 proposuit,
541 3559 558 3612 3
577 3559 663 3612 nulla
682 3559 798 3627 offenso
