2646 3884
593 175 721 216 ennean
1128 162 1171 218 43

148 336 180 389 p.
192 320 257 384 469)
358 321 376 375 2
388 322 524 392 expleuit
533 321 698 376 Mommsen
798 323 815 376 3
828 326 901 377 ante
912 323 1027 377 maudo
1043 327 1171 392 praeter

150 392 316 462 superioris
335 394 447 447 senarii
467 394 634 447 clausulam
650 393 723 446 nihil
736 394 859 447 uidetur
872 395 1006 463 periisse,
1026 408 1064 449 ne
1076 392 1171 449 weti-

149 463 265 517 mando
279 463 427 518 similiaue
440 465 628 533 probaueris.
657 465 807 518 sententia
819 466 948 519 fortasse
962 466 1038 520 haec
1049 465 1170 519 maudo

151 534 179 587 el
191 532 260 588 stilo
274 533 443 604 consequen,
457 536 534 589 alter
546 537 580 589 ut
592 533 677 590 scial.
700 537 731 588 in
745 536 822 589 alter
834 536 944 589 desinit
957 538 1164 606 fragmentum

151 606 245 674 prins,
274 606 403 660 alterum
426 607 531 676 incipit
553 607 596 661 sic
614 605 646 661 il.
668 604 875 677 leqeue...llus
894 605 1048 676 aliqui...
1064 608 1069 674 Ι
1085 606 1171 676 facit*

152 681 207 730 cet.
232 677 400 746 exquibus
423 678 516 747 lepem
536 679 754 746 paenultimum
773 683 848 748 puto
868 679 980 731 senarii
1001 680 1101 747 quarti
1120 680 1164 733 lo-

151 761 221 801 cum
239 749 382 814 tenuisse,
402 750 540 817 quintum
560 750 654 804 fuisse
672 750 758 803 uelut
775 764 849 802 uam
868 750 966 802 Fatus
985 747 1107 819 aliquid
1125 764 1170 803 ear

150 815 313 887 inprouiso
331 816 411 888 facit
533 820 600 874 din
620 821 725 875 militia
745 822 825 875 enim
844 819 953 874 cecidit
1076 821 1164 875 'ialii

151 889 332 944 dictitabant
353 906 476 944 rumore
499 892 641 956 secundo,
672 893 842 945 contrarius
864 897 909 946 est
927 906 1035 946 ruram
1052 891 1166 959 malus,

150 962 277 1015 sauctus
289 964 419 1016 tortasse
432 962 472 1015 ad
484 962 697 1032 imperatorem
712 964 842 1031 respicit,
853 962 893 1016 ad
903 962 1088 1032 triumphum
1101 962 1168 1015 lau·

152 1031 267 1101 desque
277 1032 321 1086 Ti.
328 1032 467 1087 Caesaris
478 1033 596 1095 (Vellil
608 1034 666 1087 121.
677 1034 747 1098 125).
761 1033 876 1087 hiatum
887 1048 1015 1088 caesura
1026 1035 1171 1100 sustinet,

149 1102 261 1172 llyrace'
278 1104 351 1158 uide
369 1119 409 1158 ne
427 1119 576 1173 paeonem
595 1109 708 1174 aequet
725 1110 760 1159 ut
774 1103 888 1159 ilurioa
907 1104 1081 1158 Plautinum

168 1175 186 1228 8
205 1176 266 1228 esto
286 1173 461 1229 misericors
478 1175 556 1229 male
570 1178 622 1245 qui
636 1177 753 1230 inuenit
769 1176 900 1245 lapidem
914 1176 996 1245 legit.
1026 1175 1164 1229 datiuum

150 1250 185 1299 ut
197 1244 346 1299 addamus
361 1261 458 1300 sermo
476 1246 585 1300 suadet
598 1263 635 1300 ac
648 1252 692 1300 tot
705 1261 800 1316 prope
813 1247 982 1300 litterarum
1000 1253 1074 1315 quot
1086 1244 1170 1300 miae*

109 1346 118 1366 .
150 1317 279 1385 requirit
288 1316 490 1371 Mommsenus
507 1317 654 1372 indicauit
667 1319 806 1372 lacunam
895 1318 911 1371 9
930 1318 1074 1387 intellego
1094 1332 1167 1387 spes

150 1393 224 1442 uota
244 1389 360 1457 gaudia
379 1389 416 1442 al.
429 1387 603 1443 occiduunt
620 1394 760 1459 correpta
773 1389 959 1459 paenultima
1061 1389 1095 1442 10
1112 1405 1170 1457 po-

151 1460 261 1513 sterius
286 1459 530 1529 supplementum
552 1461 643 1530 plane
661 1463 809 1514 incertum
935 1464 1080 1514 secuntur
1101 1460 1167 1514 duo

153 1533 313 1599 praeterea
338 1533 511 1600 fragmenta
535 1531 645 1600 quibus
669 1533 741 1586 item
764 1532 905 1586 carminis
924 1532 1093 1600 particulae
1119 1532 1163 1584 ui·

153 1601 264 1656 dentur
277 1603 435 1668 contineri,
453 1618 548 1656 unum
563 1603 621 1656 hoc
634 1601 716 1657 aiam
732 1604 736 1669 Ι
752 1600 855 1657 cuorus
868 1603 976 1668 (fuitne
985 1599 1168 1671 pipoorisil

156 1672 188 1725 al
202 1672 207 1738 Ι
223 1688 242 1725 r
259 1673 411 1742 quaedam
427 1677 431 1738 Ι
448 1671 579 1728 eademst
594 1674 598 1739 Ι
614 1689 724 1728 aenaea
742 1672 777 1728 ia
795 1689 820 1742 p
839 1675 980 1734 (fortasse
994 1669 1169 1742 principia

152 1744 177 1797 si
196 1743 351 1798 muliebris
369 1746 500 1798 nominis
518 1750 553 1798 ut
571 1743 701 1799 Mesia-ia
719 1745 777 1799 fuit
795 1744 985 1825 parastichisJ
1002 1746 1007 1810 l
1023 1759 1166 1813 quorum,

151 1814 281 1868 alterum
302 1814 360 1868 hoc
374 1814 482 1883 prima
500 1814 605 1884 uoc[le]
623 1819 627 1881 i
642 1815 718 1870 uiuo
733 1816 802 1885 [iera
818 1816 823 1878 Ι
839 1813 924 1869 satis.
952 1816 984 1868 in
1003 1816 1167 1884 superiori·

150 1885 210 1939 bus
228 1885 316 1941 binos
334 1887 399 1940 fere
417 1886 526 1956 lapidis
545 1902 654 1941 uersus
673 1888 785 1940 senarii
803 1886 915 1956 singuli
933 1886 1066 1956 implent,
1089 1886 1171 1940 fines

152 1958 232 2011 enim
250 1959 440 2011 senariorum
459 1958 590 2027 lapicida
608 1973 671 2011 non
690 1958 827 2013 distinxit

636 2119 679 2184 83

150 2241 255 2307 Homo
279 2262 329 2308 es:
353 2243 466 2308 resiste
490 2250 522 2308 et
545 2244 699 2308 tumulum
723 2243 904 2328 contempla
926 2262 1042 2307 meum.

149 2348 253 2413 inanis
275 2349 398 2414 tetendi
420 2355 456 2415 ut
478 2349 630 2415 haberem
654 2349 740 2432 quod
762 2356 877 2415 uterer.

149 2454 297 2520 iniuriam
320 2455 386 2520 feci*
406 2457 494 2539 nulli,
518 2456 626 2522 officia
648 2456 711 2521 feei
734 2455 887 2540 pluribus.

149 2561 232 2626 bene
255 2561 339 2645 uiue,
363 2583 510 2648 propera,
534 2563 596 2628 hoc
619 2571 669 2628 est
691 2561 885 2628 ueniundum
908 2562 976 2627 tibi.

222 2718 295 2775 CIL.
313 2720 356 2774 IX
374 2720 445 2776 2128
579 2724 612 2776 in
630 2738 707 2792 agro
727 2721 945 2776 Beneuentano
1079 2737 1170 2791 prae-

150 2791 346 2871 scriptumst.
359 2790 491 2847 Asellius
512 2792 541 2847 0.
560 2795 588 2847 et
606 2795 641 2847 L.
661 2794 680 2846 l.
699 2792 834 2919 riguerat
853 2791 1033 2862 Aupustalis
1051 2809 1171 2848 merca·

149 2863 198 2915 lor
221 2877 349 2917 suanus
371 2862 432 2918 eloi
446 2866 483 2918 et
510 2863 696 2933 Calpurniae
739 2879 772 2933 p.
796 2861 979 2934 fiPaplliai
1003 2866 1104 2929 umori,
1134 2863 1163 2919 0.

149 2931 261 2988 Acelle‘o
277 2933 307 2988 O.
319 2934 344 3003 f.
358 2935 425 2988 Fal.
440 2934 573 2989 cheala‘
583 2934 653 3005 filio
668 2936 734 2990 aed.
744 2951 796 3004 pr.
810 2936 843 2988 Π
854 2933 915 2989 uir.
929 2950 956 3004 q.
966 2935 1069 3004 praef.
1081 2934 1168 3003 fabr.

222 3006 237 3057 1
257 3005 366 3072 lloapea
385 3007 575 3060 conieceram
595 3010 716 3074 trustra,
740 3022 810 3060 nam
830 3007 918 3060 leonto
937 3021 968 3060 ea
987 3021 1056 3060 cum
1075 3004 1170 3060 Dres-

150 3075 193 3128 sel
223 3076 426 3145 descripserat
454 3082 518 3131 tum
545 3077 730 3141 Mommseno
760 3083 891 3146 ectypon
916 3077 1055 3131 ostendit.
1087 3092 1167 3146 crgo

150 3147 280 3215 scriptor
298 3148 478 3203 tralaticium
501 3149 661 3202 formulam
684 3150 822 3215 mutauit,
849 3149 885 3201 cf.
907 3148 976 3213 71‚5
1097 3147 1166 3201 2et

149 3216 378 3272 3dextrorsum
405 3221 513 3272 remoti
536 3219 690 3289 leguntur.
727 3226 856 3273 metrum
879 3224 1043 3287 utrumque
1063 3233 1166 3272 corru¹¹

149 3290 234 3356 ptum
254 3294 307 3354 est,
332 3290 350 3343 2
369 3290 569 3359 archetypum
593 3291 654 3344 tale
677 3291 734 3343 fuit
752 3287 876 3344 iuuenis
895 3289 1008 3344 tetendi
1025 3291 1060 3343 ut
1077 3290 1167 3343 lrabe=
1192 3297 1195 3302 “

148 3373 214 3412 rem
232 3360 316 3428 quod
332 3361 457 3429 fruerer
475 3376 575 3428 senex,
595 3361 613 3414 3
631 3361 691 3415 tale
704 3359 807 3431 officia
820 3358 882 3430 feci
900 3359 1013 3428 multia,
1026 3360 1106 3415 nulli
1117 3358 1169 3413 ia·

148 3427 274 3483 iuriam.
310 3447 494 3512 quamquam
513 3433 595 3486 hunc
615 3448 739 3486 uersum
757 3433 789 3485 in
815 3432 947 3501 aliquam
968 3433 1099 3501 speciem
1118 3446 1167 3486 re·

147 3501 257 3555 stituas
286 3504 377 3556 etiam
402 3501 554 3558 salterium
579 3503 604 3557 si
627 3504 725 3556 tribus
752 3502 876 3571 syllabis
899 3505 1078 3572 pronunties
1101 3499 1168 3571 feci-

147 3571 244 3626 altero
268 3577 338 3628 utro
365 3574 475 3628 omisso
601 3572 741 3628 iuiuier
762 3587 856 3641 opera
882 3574 1067 3643 descriptum
1087 3578 1168 3639 erat,
