2648 3886
561 160 751 202 annuunnnr
1112 150 1166 206 293

221 303 293 360 CIL.
306 304 335 359 X
347 305 426 374 2496,
445 305 573 362 Ianssen
590 322 666 362 mus.
680 306 780 378 Lugd.
793 307 858 362 Bat.
878 309 968 364 inser.
981 310 1044 364 tab.
1054 308 1166 366 XVII3

256 392 353 447 prope
371 377 515 432 Puteolos
532 378 565 431 in
583 380 660 432 mari
678 380 838 433 inuentum
858 396 998 450 marmor,
1022 385 1166 437 enectum

147 447 337 573 Lugdunulm
355 447 552 504 Batauorum.
586 450 808 519 praescriptum
826 451 855 505 d.
876 451 919 507 M.
937 466 970 520 a,
992 453 1074 506 infra
1091 454 1166 509 inte

147 535 240 590 grum
258 521 290 573 ui
314 524 382 574 etur

220 589 238 644 3
256 591 274 644 i.
292 590 397 646 dolore
414 594 450 645 ut
467 590 485 646 8
503 595 600 646 matre
713 591 730 645 5
747 589 887 647 relietum
905 608 961 662 pro
980 590 1105 649 relictus
1122 595 1165 648 in·

149 662 243 716 dulsit
260 662 318 717 iste
335 665 431 716 metro
541 663 558 717 9
576 663 675 717 uoluit
686 661 830 733 uiuetque
843 664 949 719 dolens
1058 665 1093 718 10
1112 666 1166 720 du·

147 731 285 789 bucmar
301 733 398 788 simile
417 735 531 789 factum
551 734 608 788 illis
626 750 786 790 moramm
800 737 980 790 cunctamur
992 750 1167 806 prauumue·

255 803 365 873 morie.
384 806 505 876 scripsi:
523 821 571 860 me
589 805 725 874 hiessen,
743 822 775 861 m
793 811 912 861 tantum
930 808 1048 877 priores

628 985 695 1050 614

149 1107 282 1193 Optatio
304 1128 421 1173 nomen
443 1107 488 1174 sis
510 1113 633 1187 nattum
656 1110 797 1175 carmine
819 1109 914 1194 tristi,
935 1107 940 1196 Ι

148 1235 265 1282 nomen
288 1212 382 1280 dulce
405 1215 471 1280 suls
494 1220 526 1280 et
549 1214 765 1295 lamlentabile
788 1236 924 1302 semper.

148 1321 289 1408 Optatus
309 1318 314 1407 Ι
334 1321 461 1405 genitur
484 1327 517 1387 et
539 1327 642 1387 mater
663 1323 816 1391 Nemesis
836 1320 842 1407 Ι
862 1322 969 1391 deflet.

150 1428 261 1511 iniqua
284 1447 303 1492 o
325 1426 446 1507 miselri
469 1427 607 1494 latorum
630 1436 716 1495 sorte
738 1435 911 1515 patientes,

126 1534 286 1621 sparuna
309 1534 381 1618 quis
404 1541 497 1621 rapta
518 1532 522 1622 Ι
543 1541 592 1601 est
607 1543 674 1619 atq.
692 1536 798 1603 unica.
834 1537 898 1604 heu
920 1537 1005 1603 male
1025 1533 1030 1622 Ι
1050 1536 1168 1603 mensis
1243 1529 1245 1534 ’

151 1647 226 1727 post
248 1641 408 1707 decimum
430 1644 554 1723 non(us)
575 1638 580 1729 Ι
601 1643 716 1709 elausit
738 1645 972 1729 prope(r)antia
994 1643 1074 1710 fata.

224 1817 395 1874 Brambach
413 1819 503 1872 inser.
520 1819 615 1873 Rhen.
635 1819 689 1873 350
709 1821 761 1888 qui
780 1819 858 1874 uidit
1024 1818 1169 1876 Coloniae

152 1889 344 1962 Agrippinae

226 1961 242 2015 1
268 1960 387 2030 optaeio
410 1962 573 2017 Lersehius
596 1961 678 2032 legio,
707 1959 830 2032 optaeie
857 1962 960 2031 potius
986 1959 1167 2016 Brambaeh.

154 2033 275 2104 puellae
294 2048 333 2087 ex
347 2032 449 2103 Optati
467 2033 616 2103 genitoris
634 2034 757 2087 nomine
775 2048 887 2087 nomen
901 2031 1021 2102 Optatio
1041 2037 1095 2086 aut
1112 2031 1169 2102 Op·

152 2105 262 2159 tatium
279 2104 410 2158 inditum
425 2120 489 2159 non
501 2104 642 2158 haeserat
653 2104 686 2157 in
704 2105 769 2158 uita
788 2103 842 2158 sed
854 2104 939 2157 uenit
956 2105 988 2157 in
1007 2103 1169 2173 sepulcrali

153 2176 254 2246 elogio
362 2176 380 2230 3
399 2176 506 2246 adoptet
524 2176 601 2245 lapis
620 2176 705 2229 initio
719 2177 793 2230 noui
811 2190 921 2231 uersus
937 2176 1048 2229 iterata
1066 2173 1168 2228 littera

152 2247 260 2303 ultima
279 2248 389 2317 prioris

627 2355 693 2421 615

153 2480 329 2564 Postquam
351 2474 566 2565 sareop[hago
590 2479 701 2545 matris
723 2485 795 2545 sunt
819 2499 893 2545 ossa
915 2483 1048 2562 recepta

152 2605 215 2652 nee
238 2585 314 2652 dum
337 2586 434 2673 sopiti
457 2586 553 2671 ig[nis
576 2592 668 2652 erant
691 2585 877 2669 cineresque
900 2585 1037 2671 paterni,

153 2712 230 2758 mox
253 2693 351 2758 etiam
375 2692 484 2777 [trater
575 2742 583 2758 .

227 2867 299 2925 CIL.
318 2868 363 2923 III
381 2869 479 2939 suppl.
498 2868 569 2924 7563
677 2868 780 2923 Tomis
798 2869 957 2923 inuentum
975 2882 1059 2922 nune
1074 2865 1171 2921 Buca·

153 2943 228 2997 resti
336 2942 592 3010 praescriptorum
610 2955 757 2995 uersuum
771 2940 901 2994 <luorum
914 2940 990 2993 haec
1006 2942 1170 3007 supersunt

154 3012 189 3066 P.
204 3012 265 3067 Aet.
282 3010 502 3081 Tereputiano„
520 3012 524 3080 Ι
540 3011 641 3066 Aurei.
652 3009 856 3080 Accepimus?
874 3011 956 3063 inira
973 3010 1051 3079 lapis
1070 3022 1170 3077 aeque

153 3099 193 3138 ac
212 3083 321 3139 dextra
338 3083 495 3137 mutilatus

226 3157 305 3209 inter
325 3154 341 3208 1
361 3158 391 3208 et
411 3154 428 3206 2
447 3154 579 3223 spatium
599 3153 723 3222 aliquod
741 3154 934 3207 interiectum
953 3156 1007 3220 est,
1032 3154 1170 3221 utputo,

155 3227 239 3297 quod
257 3225 404 3296 longioris
426 3240 535 3280 uersus
555 3226 570 3278 1
590 3232 761 3279 extremum
783 3224 914 3278 uerbum
937 3224 969 3277 in
991 3221 1091 3276 medio
1112 3222 1171 3275 luit

155 3297 336 3351 collocatum
443 3297 460 3350 2
478 3298 521 3350 ita
539 3296 646 3350 melius
661 3295 829 3350 consulitur
841 3295 976 3361 carmini,
995 3297 1027 3346 at
1039 3290 1172 3348 cicerem

154 3369 183 3421 et
201 3367 317 3436 sopitos
343 3366 472 3423 susce'tat
495 3366 583 3438 ignes
602 3367 755 3437 Vergilius
777 3364 813 3419 A.
830 3365 857 3419 V
876 3364 929 3423 743
956 3364 1028 3420 VIII
1045 3363 1108 3432 410,
1135 3368 1171 3418 ut

155 3439 343 3508 probabilius
363 3440 401 3495 sit
419 3440 519 3493 hiasse
537 3439 612 3493 illud
631 3435 725 3507 sopiti
742 3434 831 3507 ignes
