2646 3884
163 111 198 165 18
626 122 716 161 IAMBI

157 291 241 336 nuno
264 271 342 335 utra
365 289 459 335 uersu
482 271 582 334 uerba
605 268 750 334 dicamas
773 268 882 335 senis:

157 397 226 442 sum
250 377 354 442 uictus
378 378 458 462 ipse,
484 375 597 459 fateor,
622 378 643 441 a
667 381 717 441 ter
740 375 871 441 consule

159 485 244 550 Vtro
267 484 413 570 patrino,
436 504 497 550 neo
520 484 618 549 semel
642 483 699 548 sed
723 483 862 567 saepius,

159 590 248 659 cuias
271 591 408 657 libenter
431 589 522 655 dicor
545 589 738 655 exodiarius.

230 730 302 787 011..
315 730 356 786 VI
368 731 438 785 9797
453 731 640 799 descripsere
658 729 774 784 Lersch
785 729 942 785 Romanu
953 732 1012 799 alii,
1033 731 1081 787 Gr.
1092 732 1171 788 2591.

157 802 219 857 AL.
230 802 398 857 Burmanni
416 802 461 856 ΙΙΙ
478 802 522 869 29,
541 801 655 871 llleymi
674 801 728 856 890
825 838 826 842 ,
857 802 973 857 Romae
991 804 1023 856 in
1044 803 1169 858 basilica

158 875 315 929 Vaticana.
352 873 452 928 Verus
468 878 616 942 patronus
634 888 664 925 u.
685 873 718 927 18
738 877 782 927 est
801 872 837 926 M.
853 872 972 927 Annius
984 873 1081 928 Verus
1101 890 1172 928 con-

158 945 205 1000 sul
223 946 346 1000 tertium
362 959 443 999 anno
459 944 517 1011 126,
537 948 571 997 ut
590 944 761 998 docuerunt
775 943 960 1013 Borghesius
980 960 1027 1014 op.
1042 944 1067 998 V
1080 962 1108 1015 p.
1118 945 1171 1000 352

159 1021 190 1071 et
207 1015 410 1071 Mommsenus
438 1016 505 1085 eph.
528 1030 574 1084 ep.
594 1014 608 1068 I
626 1032 654 1085 p.
668 1014 711 1069 55.
740 1012 870 1069 ielatae
898 1016 1056 1085 apicisque
1079 1021 1171 1070 notae

160 1088 287 1142 crebrae
305 1101 363 1141 neo
375 1102 520 1156 umquam
533 1087 637 1141 falsae.
657 1087 795 1156 plerique
807 1085 901 1139 iambi
914 1087 991 1156 puri,
1015 1087 1114 1141 hiatus
1133 1088 1172 1141 le·

158 1159 282 1229 gitimus
295 1159 327 1212 in
341 1159 373 1211 11
394 1163 534 1227 correpta
553 1173 632 1212 uoce
650 1158 868 1226 monosyllaba,
890 1159 1035 1212 orationis
1054 1174 1171 1228 pausae

159 1230 340 1284 coniunctus
358 1230 389 1282 ln
408 1229 433 1297 6,
461 1244 657 1284 numerorum
685 1228 826 1282 incisioni
851 1229 882 1282 in
908 1230 926 1283 8
955 1230 1066 1298 (neque
1091 1231 1172 1284 enim

159 1305 304 1371 quattuor
330 1302 486 1370 anquento
516 1301 609 1354 efficit
627 1299 772 1368 syllabas)
801 1304 832 1354 et
851 1301 893 1354 10.
931 1298 1088 1371 Aprippae
1111 1318 1172 1356 mo·

158 1371 300 1425 lossioum
319 1375 353 1424 ut
372 1371 455 1440 apud
474 1371 577 1440 epicos
595 1370 657 1424 n.4

231 1439 378 1509 iprinrns
388 1443 417 1495 to
439 1443 509 1495 atas
519 1442 632 1495 saltare
645 1439 781 1496 instituit
789 1441 905 1496 Plinius
915 1443 954 1497 de
965 1441 1171 1512 Stephanione

159 1511 223 1568 NH.
236 1512 291 1566 VII
305 1512 357 1566 159
440 1512 506 1566 illas
521 1516 585 1566 tum
596 1512 724 1566 Romani
740 1513 893 1567 habebant
907 1513 1047 1579 thermas,
1063 1512 1172 1585 Agrip-

159 1581 460 1708 pffiret‘Nefqniffnff
473 1582 843 1709 moprffxssrnfflanassn
856 1584 1091 1710 regionednon?
1111 1585 1171 1667 Titi

115 1694 121 1701 -
160 1670 178 1710 e
243 1670 371 1708 aiamrn
397 1670 473 1708 erra
609 1695 615 1707 .
659 1671 673 1708 e
711 1671 764 1709 nm
822 1670 1009 1709 mamae.
1051 1671 1170 1711 tieret

157 1724 251 1798 facite
274 1726 379 1780 titulus
398 1725 602 1795 Pompeianus
624 1726 751 1780 Hermen
770 1726 840 1780 7305
982 1671 1057 1781 8(ss
1076 1671 1172 1798 signis

159 1798 358 1867 unguentatis
377 1796 522 1851 Marinius
551 1797 627 1851 dixit
655 1798 724 1851 frat.
749 1813 813 1851 aru.
832 1814 861 1867 p.
879 1797 933 1852 394
951 1813 973 1852 s.
994 1798 1172 1868 addiditque

159 1884 187 1938 p.
206 1867 260 1921 423
282 1867 445 1922 Ruhnkeni
467 1870 642 1923 coniectura
660 1867 795 1923 nardino
815 1870 937 1937 repulsa
956 1875 1116 1939 unguenta
1129 1872 1172 1925 sic
1223 1913 1230 1931 .

159 1945 194 1992 nt
206 1941 281 1993 uina
301 1939 359 1993 dici
378 1940 514 1994 marcida
528 1945 582 1994 aut
601 1956 619 1992 a
632 1944 785 1994 uetustate
805 1946 859 1994 aut
872 1941 911 1994 ab
925 1940 1044 1995 effectu.
1064 1957 1173 1996 uerum

159 2011 234 2064 illud
263 2012 315 2076 est,
344 2026 414 2063 nam
443 2012 471 2064 et
498 2009 569 2079 ipsa
596 2013 755 2080 anquenta
773 2013 923 2066 uetustate
949 2011 1078 2067 meliora
1096 2017 1173 2068 teste

158 2081 256 2135 Plinio
276 2080 339 2135 NH.
358 2080 432 2134 XIII
450 2082 484 2134 19
619 2081 654 2134 10
671 2079 766 2150 nipna
785 2083 920 2136 Falerna
939 2082 1083 2136 Martialis
1103 2083 1173 2137 VIII

160 2152 203 2219 56,
218 2151 252 2204 14
264 2167 301 2205 ac
314 2153 445 2221 saepius.
467 2150 558 2206 diuos
571 2151 728 2221 Aaqnstas
740 2150 880 2207 Setinum
888 2152 1038 2220 praetulit
1055 2152 1174 2208 canons

160 2226 188 2278 et
205 2223 271 2293 fere
296 2220 391 2277 secuti
413 2221 583 2291 principa,
611 2224 701 2276 antea
732 2222 863 2277 Caecubo
892 2225 958 2277 erat
984 2222 1172 2293 qenerositas

160 2292 361 2362 celeberrima,
389 2295 524 2349 secanda
550 2291 695 2348 nobilitas
719 2294 851 2347 Falerno
873 2310 949 2363 apro
969 2296 1035 2347 erat
1057 2295 1172 2350 Plinius

159 2364 222 2420 NH.
236 2365 306 2420 XIV
324 2366 358 2418 61
372 2381 394 2419 s.
525 2365 556 2418 11
577 2366 669 2419 uiuus
690 2366 784 2435 igitur
804 2380 899 2419 senex
919 2365 1018 2434 effigie
1046 2370 1171 2421 ornatus

160 2441 213 2490 est.
242 2437 421 2506 apothecam
441 2436 622 2490 dominicam
641 2435 800 2490 Morcellus
820 2437 926 2490 statuit
945 2451 1011 2491 esse
1024 2436 1095 2492 Veri
1121 2454 1171 2507 pa-

157 2509 246 2574 troni,
266 2509 379 2562 rectius
390 2507 593 2561 Mommsenus
608 2508 834 2576 imperatoriam
852 2509 885 2560 in
903 2522 964 2576 qua
977 2509 1051 2562 uina
1070 2509 1172 2564 adser-

157 2578 313 2632 uabantur
333 2583 457 2648 optuma
476 2578 622 2642 (Galenus
632 2578 702 2633 XIV
715 2595 743 2648 p.
756 2578 791 2631 26
804 2577 860 2642 K).
880 2593 988 2633 seruus
1006 2580 1039 2633 in
1048 2579 1171 2635 Petroni

159 2654 215 2704 sat.
232 2650 267 2704 31
293 2648 403 2703 uinum
425 2647 613 2704 dominicam
763 2650 797 2704 18
816 2650 860 2704 sic
882 2651 923 2703 im
946 2691 952 2703 .
972 2650 1009 2704 M.
1029 2650 1171 2707 Aurelius
1241 2656 1243 2667 ¹

155 2718 226 2788 pila
248 2718 332 2774 lusit.
344 2718 485 2787 adprime
510 2719 585 2789 (uita
604 2719 673 2774 Ant.
693 2721 763 2789 phil.
782 2721 807 2787 4,
830 2721 866 2788 9),
887 2720 909 2776 O
952 2764 958 2775 .
978 2722 1018 2776 VI
1038 2723 1108 2777 8997
1137 2724 1170 2777 P.

159 2788 242 2845 Aelio
261 2791 338 2861 Any.
357 2789 407 2845 lib.
427 2790 566 2845 Secundo
581 2789 699 2859 pilario
719 2790 856 2846 omniurn
875 2792 1113 2847 eminentissimo

242 2863 275 2916 19
293 2861 474 2916 cnodiarins
498 2863 584 2930 apud
602 2865 717 2917 ueteres
735 2861 770 2916 in
786 2864 846 2934 fine
864 2864 1008 2918 tactorum
1027 2862 1170 2931 intrabat,

161 2931 216 3003 qni
234 2931 386 2987 ridiculas
402 2933 484 3001 soret
501 2935 661 2988 scholiasta
679 2934 834 2989 quenalis
853 2936 878 3002 3,
898 2936 948 2990 175

161 3287 222 3353 deo
246 3288 587 3376 flauenteprincipum
612 3291 686 3374 [elui
710 3292 868 3356 maximus

161 3394 217 3459 dat
242 3394 435 3478 oo]nsulatus
459 3404 574 3462 cuncta
598 3397 741 3481 lralb]ero
765 3398 912 3481 insignia,

160 3501 272 3567 sellam
297 3501 448 3585 cu]rulem
472 3503 648 3589 scipionem
671 3524 852 3588 purpuram.
