2648 3886
192 100 247 159 iffi
634 118 776 158 nucum

672 264 735 329 621

191 384 340 453 ssaninsl
358 384 545 442 Maximinus
562 386 643 454 iacit,
660 386 746 440 euius
761 385 843 438 furna
860 397 952 452 super
967 382 972 449 Ι
989 383 1095 438 ethera
1107 386 1209 451 notus,

191 472 344 544 lixum
362 484 394 530 ot
412 474 529 531 honore
543 474 550 538 Ι
565 475 744 545 perstructus
762 472 911 540 transegit
929 486 1027 526 annos
1047 469 1151 525 XLVI.

263 596 383 655 Notitio
396 598 425 653 tl.
438 600 524 655 soavi
537 598 607 653 1892
619 597 672 667 p.4
685 597 779 651 deser.
789 594 935 650 Bertolini
1008 594 1206 651 Concordiae.

192 670 265 725 neni
285 668 538 727 Constantiniani.
570 670 707 750 sequitur
725 667 804 721 Itone
821 682 896 720 uero
915 667 952 721 de
970 683 1027 722 suo
1051 668 1209 721 emerater-

191 736 267 813 pisa
284 742 315 805 (i.
332 744 448 797 m
585 738 670 808 prus)
689 735 857 805 Maximus,
886 736 1070 807 co[u]ue(o)it
1093 736 1210 808 uiginti

193 810 318 883 mur*
333 810 432 867 utros
540 824 604 865 esse
622 809 745 864 dandas
763 806 864 879 siquis
882 808 1005 877 aperire
1025 808 1179 879 [ool]th

246 884 370 939 Aeneas
387 882 479 953 Verg.
497 882 513 937 Ι
529 880 583 936 379
600 880 690 950 fama
709 895 804 950 super
822 881 944 935 aethera
963 881 1054 936 notus

671 1022 736 1088 622

193 1146 281 1218 Sele
302 1148 363 1216 snb
386 1147 449 1214 hao
471 1147 605 1213 reoubat
628 1146 734 1213 olenus
755 1148 961 1232 praetorique
983 1146 1166 1232 praefectus

195 1254 367 1325 Helorinus
389 1254 508 1320 uirtute
531 1253 733 1320 caelebratus
755 1274 875 1338 magna
896 1273 955 1340 per·
978 1254 1096 1320 orbem.

194 1362 275 1431 laec
298 1361 346 1428 illi
368 1380 431 1427 nuo
454 1362 581 1445 requies
604 1360 674 1444 fati,
701 1360 782 1427 haeo
805 1360 891 1427 sedIs
914 1361 1057 1445 aetemle

195 1466 316 1555 lilippi
338 1473 486 1534 extructa
509 1467 625 1534 studiis
647 1469 796 1552 gratique
819 1467 957 1552 nepotis.

264 1608 475 1679 Waddington
493 1610 583 1664 inser.
603 1610 642 1663 de
658 1610 688 1663 la
707 1608 794 1679 Syrie
813 1607 891 1676 2475,
912 1608 985 1664 CIL.
1003 1608 1048 1662 III
1067 1607 1119 1662 124

194 1684 227 1737 ln
244 1676 461 1736 'liaehonitide
479 1681 559 1736 inter
576 1680 752 1750 Agraenam
772 1683 802 1735 et
820 1680 978 1734 Zorauam.
1009 1680 1128 1735 litterae
1147 1684 1210 1734 tam

195 1750 294 1810 multe
317 1766 409 1822 quam
432 1767 555 1805 oerrnen
581 1754 683 1821 quarti
707 1757 797 1818 certe,
823 1752 848 1805 si
876 1767 938 1805 non
964 1751 1061 1820 quinti
1085 1751 1208 1805 saeculi.

252 1837 340 1878 eoum
360 1838 482 1877 carmen
502 1823 637 1877 eiusdem
656 1825 837 1893 argumenti,
852 1821 963 1876 ibidem
988 1826 1143 1891 repertum
1161 1827 1208 1876 est

232 1892 331 1949 ,2474
348 1893 457 1948 Kaibel
476 1895 571 1963 epigr.
590 1894 651 1962 441,
670 1895 702 1947 in
725 1909 761 1948 eo
782 1895 953 1960 Μαιουρῒνος
976 1894 1063 1947 euius
1085 1892 1208 1947 leudem

196 1966 297 2022 oriens
316 1969 346 2019 et
365 1964 507 2019 oeoidens
525 1966 628 2019 norint
646 1966 805 2030 συνκλήτου
819 1964 903 2032 φίλον
915 1967 991 2030 ὄμμα
1003 1964 1122 2032 dieitur,
1140 1963 1208 2017 Phi-

194 2038 294 2107 lippus
312 2050 352 2090 ex
365 2051 471 2091 sorore
483 2051 578 2105 nepos
593 2040 725 2103 βασιλῆος
743 2037 886 2102 ἀμύμονος
905 2037 985 2098 ἐσλὸς
1004 2035 1112 2088 ὀπάων.
1143 2034 1208 2088 bini

195 2107 335 2233 oprnripis
353 2122 462 2162 uersus
482 2111 585 2173 ternos
603 2107 712 2176 lapidis
731 2108 856 2177 implent
874 2106 998 2176 uirgula
1015 2106 1095 2160 inter
1113 2121 1146 2161 se
1166 2104 1209 2159 di·

194 2184 284 2235 suet

264 2248 282 2303 3
300 2249 319 2302 i.
337 2264 420 2303 nune
531 2249 549 2302 4
569 2248 659 2304 Grati
677 2265 733 2318 pro
753 2251 874 2303 nomine
893 2247 992 2303 editor
1010 2247 1125 2302 habuit.
1152 2248 1208 2302 uni

194 2318 331 2389 Philippo
351 2321 442 2373 etiam
461 2336 608 2391 graecum
627 2336 750 2374 carmen
772 2320 903 2389 sepulcri
928 2324 1113 2374 structuram
1130 2317 1208 2372 adsi-

194 2396 276 2463 gnat,
296 2405 353 2460 que
372 2392 412 2445 ab
430 2393 581 2447 sententia
599 2406 863 2462 superuacaneum

664 2536 730 2601 623
813 2523 821 2539 ’

193 2663 225 2724 et
248 2659 333 2724 iacet
356 2659 410 2726 hio
433 2662 517 2744 talis,
541 2662 595 2744 qui
617 2681 779 2743 nunquam
801 2659 968 2727 fraudibus
991 2661 1051 2726 iste

192 2765 331 2832 laetatus
358 2772 432 2853 post
459 2788 594 2852 magnos
623 2775 714 2834 aetus
743 2787 901 2854 pauperes
930 2767 1059 2851 reIIquit
1087 2766 1207 2833 liberos

952 2894 1010 2960 spe
1032 2873 1160 2939 liberos.

265 3013 336 3071 CIL.
355 3015 427 3072 VIII
445 3016 543 3086 suppl.
563 3016 650 3070 15719
670 3016 765 3071 deser.
785 3014 904 3084 Cagnat
1028 3029 1124 3084 prope
1143 3011 1206 3069 Sie-

193 3100 260 3140 eam
404 3087 481 3157 lapis
501 3103 570 3141 eum
589 3089 627 3141 sit
643 3089 771 3158 integer,
792 3087 983 3141 desideratur
1002 3085 1079 3139 alter
1097 3085 1207 3140 horum

193 3158 394 3226 praenuntius

265 3228 279 3281 1
300 3227 355 3298 qui
374 3235 427 3282 aut
445 3227 501 3283 iste
522 3229 659 3296 otiosum,
683 3228 738 3283 sed
760 3228 898 3298 generali
922 3227 1090 3282 definitioni
1111 3224 1206 3293 (talis)

192 3297 268 3353 illud
285 3300 424 3354 inseruiit
436 3299 568 3368 ideoque
581 3300 638 3354 hoo
651 3301 770 3354 aceedit
782 3301 880 3368 magis
893 3301 1059 3369 proprium,
1079 3300 1116 3353 ei.
1126 3297 1206 3352 Haa-

192 3370 271 3424 sium
289 3371 322 3423 in
339 3370 465 3440 ReisIgii
484 3370 594 3425 scholis
613 3372 631 3425 l.
649 3371 700 3425 lat.
719 3371 789 3425 adn.
808 3370 861 3424 379
948 3371 965 3424 2
983 3370 1059 3424 filios
1079 3384 1206 3440 sperans

193 3446 341 3495 exuturos
360 3443 551 3495 seruitutem:
581 3457 673 3511 saepe
693 3443 758 3497 eius
775 3442 920 3496 uocabuli
940 3446 1061 3511 captata
1081 3445 1126 3495 est
1145 3456 1208 3495 am-

192 3510 327 3582 biguitas
347 3511 479 3576 (Petron.
496 3511 543 3577 41)
