2646 3884
610 141 757 207 survnmr
1173 156 1192 209 3

175 314 336 380 dederunt,
352 311 530 383 mapistreis
547 313 581 366 L.
597 311 725 366 Latrins
743 315 780 367 K.
798 314 823 383 f.
845 314 873 369 Ο.
893 313 1029 370 Saturna
1048 313 1145 370 Voltai
1165 315 1191 386 f.

174 383 379 440 coiraueront.
417 384 496 437 ultra
509 385 587 437 Enni
600 389 738 453 tempora
752 391 781 439 et
792 385 914 440 Catonis
927 386 1093 441 ascendere
1106 391 1192 442 nemi

176 458 334 527 geminata
358 471 529 510 consonans
551 457 582 509 in
607 453 761 522 summeia
787 458 843 510 etsi
874 457 934 510 alia
959 473 1028 511 cnm
1047 457 1191 512 Romanis

175 527 272 581 titulis
296 527 416 581 conlata
449 528 604 594 antiquius
632 528 788 580 saeculum
820 527 954 596 produnt
983 533 1018 582 ut
1048 528 1190 600 aptaque.

175 600 280 652 nescio
301 614 362 667 qua
376 597 563 652 mollitudine
577 599 687 651 aerarii
701 599 906 667 potiusquam
920 598 1041 654 dialecti
1054 599 1192 656 Faliscae

175 671 303 739 propria
321 671 436 723 factum
456 674 501 722 est
519 675 554 722 ut
572 667 743 738 conlepium
766 667 889 723 Volcani
907 671 1111 725 condecorant
1131 687 1191 727 me·

176 740 259 794 diam
282 756 337 809 pro
359 741 444 794 tenui
467 741 649 809 acciperent.
678 745 812 794 ceterum
834 740 911 794 alter
930 742 1059 810 quisque
1082 758 1191 798 uersus

175 811 342 866 introrsum
361 812 492 865 reiectus
520 815 566 866 est
592 812 630 865 de
654 827 738 865 more
758 812 955 865 distichorum

249 884 263 935 1
285 889 451 952 acceptum,
471 883 544 936 utile
564 887 748 951 gratumque
767 883 932 937 cottidiano
952 884 1048 937 uictui

174 952 353 1009 dastutieis
377 952 570 1008 Garruccius.
626 955 656 1007 in
686 953 785 1007 Plauti
814 953 914 1007 Aulul.
942 954 995 1008 359
1024 969 1123 1022 coquo
1150 955 1192 1009 di-

177 1025 255 1078 citur
273 1025 401 1080 Volcano
415 1026 527 1089 studes,
551 1026 584 1078 in
598 1025 717 1091 Vespae
736 1025 849 1079 iudicio
871 1027 935 1080 coci
955 1030 984 1079 et
1004 1027 1125 1094 pistoris
1148 1028 1192 1080 est

181 1096 334 1151 Vaicanus
374 1095 470 1150 iudea
505 1094 559 1165 qni
592 1093 680 1149 nouit
714 1097 868 1165 atrosque.
902 1096 1030 1150 Romani
1052 1102 1192 1152 uentrem

174 1166 327 1221 Faliscum
339 1169 420 1221 inter
432 1168 525 1237 gulae
540 1167 663 1221 delicias
677 1167 871 1221 celebrarunt
1020 1167 1038 1221 4
1056 1166 1192 1223 saisume

177 1240 335 1292 continuat
354 1243 384 1292 et
410 1236 605 1292 sanctissume
630 1239 848 1306 interpretatur
867 1237 1003 1306 FrMarx,
1022 1238 1064 1293 Pl.
1079 1238 1193 1295 Persae

174 1309 230 1362 633
250 1313 405 1378 comparat
424 1309 527 1364 FrLeo
650 1309 667 1362 5
687 1310 777 1377 coqui
796 1309 853 1362 hoo
873 1309 970 1363 disin
989 1310 1085 1365 altera
1104 1315 1192 1380 parte

175 1381 298 1450 scriptis
311 1380 462 1434 dederunt
561 1378 711 1447 inperata.
724 1378 811 1435 ribus
825 1382 868 1435 sic
881 1380 1063 1450 diremptum
1076 1383 1108 1435 in
1121 1398 1193 1438 aere

294 1453 311 1505 6
330 1467 411 1505 unus
430 1452 479 1505 hic
497 1450 658 1506 Saturnius
677 1453 806 1505 formam
826 1468 844 1506 a
864 1452 1002 1507 Varrone
1022 1455 1193 1522 ceterisque

178 1524 398 1592 praescriptam
417 1523 557 1589 ostendit,
582 1524 721 1591 proxime
740 1523 827 1577 abest
846 1525 871 1592 1,
897 1524 1072 1593 longissime
1091 1524 1109 1578 2
1128 1529 1157 1578 et
1176 1524 1193 1579 5

679 1736 700 1799 3

181 1897 318 1978 Duettu)
340 1893 345 1979 1
366 1896 509 1981 auspicio
533 1892 744 1982 imperioquel
776 1897 843 1961 eius
855 1895 980 1962 Achaia
997 1899 1130 1983 capt(a)‚

180 2004 314 2069 Cosinto
335 2002 340 2090 l
361 2002 468 2068 deleto
514 2003 650 2067 Romam
674 2001 790 2068 redieit
811 2001 815 2090 l
836 2003 1046 2090 triumphans.

182 2112 223 2177 ob
247 2109 345 2176 hasce
360 2115 364 2189 l
381 2129 432 2176 res
447 2111 530 2175 bene
546 2115 655 2192 gestas
702 2109 787 2192 quod
806 2114 810 2188 l
830 2110 964 2176 inbelle
982 2114 1136 2192 uouerat!

182 2216 268 2283 hanc
291 2216 405 2282 aedem
429 2222 462 2281 et
485 2211 590 2301 signal
621 2216 769 2281 Herculis
793 2212 943 2302 Victoris!

157 2350 171 2390 o
290 2325 463 2409 imperator
487 2323 628 2388 dedicat.

258 2517 329 2573 CIL.
350 2517 364 2571 Ι
382 2518 433 2570 541
453 2534 482 2587 p.
502 2518 562 2585 150,
582 2517 686 2571 PLME
699 2516 740 2570 Li
750 2515 785 2570 Α.
798 2515 859 2570 AL.
869 2517 984 2586 Meyeri
995 2517 1030 2572 13

185 2589 309 2643 Romae.
328 2590 549 2658 praescriptum
570 2590 604 2643 L.
619 2585 750 2642 Mummi
764 2588 834 2657 Ias.
849 2604 907 2643 aas.
930 2589 982 2657 qui
1000 2588 1201 2657 triumphauit

183 2676 213 2714 a.
232 2676 262 2714 ιι.
288 2661 348 2728 609,
377 2660 528 2714 dedicatio
558 2665 664 2729 postea
692 2661 774 2713 facta
804 2665 857 2727 est,
885 2660 1076 2730 imperatoris
1107 2659 1201 2714 uicto·

183 2731 1203 2871 titiieltitttnittltltttidestitissemus

185 2875 290 2928 titulos
310 2874 350 2927 ad
368 2872 442 2926 Acci
464 2888 562 2942 usque
583 2881 721 2942 tempora
741 2888 836 2927 uersu
855 2871 997 2928 Saturnio
1021 2873 1203 2941 compositos

186 2945 282 2999 fuisse
301 2950 407 2999 notum
426 2948 479 3010 est,
509 2960 599 3013 quem
618 2946 709 2998 ritum
735 2959 803 2997 oum
822 2944 983 2998 Mummius
1009 2959 1132 3013 quoque
1156 2958 1203 2998 co·

185 3016 285 3084 luerit,
311 3031 405 3085 aegre
424 3020 527 3069 tamen
545 3015 617 3069 mihi
636 3014 807 3084 persuadeo
828 3030 949 3069 carmen
968 3015 1050 3069 istud
1073 3030 1131 3068 nec
1149 3030 1203 3069 nu-

185 3102 340 3140 merorum
358 3086 576 3156 aequabilitate
595 3086 768 3140 absolutum
788 3092 818 3140 et
837 3103 892 3156 pro
915 3087 965 3139 illa
988 3091 1089 3140 aetate
1109 3086 1204 3156 negli-

185 3163 297 3228 genter
317 3158 501 3227 insculptum
521 3157 562 3223 (u.
583 3158 597 3210 1
617 3158 697 3211 duat.
717 3162 747 3211 et
765 3159 843 3226 capt.
863 3158 1074 3226 scriptumest
1097 3156 1203 3211 odioso

188 3244 301 3299 operae
318 3228 509 3298 compendio)
530 3229 560 3281 id
574 3229 673 3297 ipsum
688 3243 754 3283 esse
773 3228 856 3297 qnod
868 3226 1029 3282 Mummius
1047 3228 1203 3294 dedicarit,

187 3302 277 3354 immo
300 3315 340 3354 ex
363 3301 535 3368 antiquiore
563 3300 669 3353 tabula
696 3315 736 3353 ne
756 3300 939 3368 descriptum
964 3303 995 3353 et
1013 3300 1205 3353 immutatum

188 3372 226 3426 sit
250 3386 371 3426 uereor.
390 3376 484 3440 atque
507 3372 539 3422 in
557 3370 661 3424 uerbis
681 3371 867 3439 syllabisque
885 3371 1055 3425 remotioris
1073 3370 1204 3439 antiqui-

187 3442 259 3496 tatis
272 3444 337 3497 iere
351 3443 453 3496 omnia
467 3442 576 3496 desunt
594 3441 707 3495 indicia

261 3514 276 3566 1
296 3512 423 3567 Plautus
442 3511 589 3581 Amphitr.
610 3512 661 3566 196
680 3513 774 3567 ductu
792 3509 922 3580 imperio
941 3508 1080 3580 auspicio
1099 3526 1155 3565 sna

186 3583 205 3637 2
226 3583 349 3639 Gomnto
369 3590 423 3637 aut
442 3583 609 3637 masculino
629 3599 745 3652 genere
780 3587 825 3647 (ut
838 3584 943 3651 graeci
961 3587 1070 3650 poetae
1088 3582 1205 3646 ἀφνειὸν
