2650 3882
186 143 239 197 176
623 154 761 195 nnerrnr

663 319 728 385 375

186 446 269 512 Ossa
282 446 319 509 T.
332 444 461 522 Quincti
473 443 527 509 hlc
539 445 601 509 sita
613 450 700 509 sunt:
715 440 719 531 l
733 443 870 509 Stabilio
884 417 1073 527 cognomine
1086 444 1178 508 uixit.
1194 439 1198 528 Ι

185 552 355 637 multiplici
379 552 456 616 curi
480 549 624 616 defessus
642 547 645 636 Ι
663 570 747 615 nunc
770 569 901 616 securus
924 550 1064 632 quiesco.

258 727 329 783 CIL.
349 727 390 782 VI
409 727 478 782 6821
498 728 577 780 uidit
595 726 719 781 Henzen
834 726 949 780 Romae
967 728 999 780 in
1018 728 1111 780 uinea
1129 727 1201 780 uiae

185 799 315 853 Latinae
444 798 484 851 ad
504 799 642 851 dextram
661 799 820 851 marmoris
838 798 915 851 haee
934 802 1005 851 sunt
1025 795 1198 866 Qutntiuesl

185 871 336 924 Heltudus
353 871 356 936 Ι
373 884 444 924 osso
462 868 511 923 hic
527 870 531 935 l
548 868 609 923 situ
627 871 707 923 sunt.
737 869 789 922 illa
808 868 975 936 dactylicos
994 883 1137 922 numeros
1156 884 1200 922 re·

74 956 76 960 ·
186 945 297 1008 ferunt,
316 941 485 994 hexametri
505 942 548 993 sic
571 940 647 993 fiunt
666 955 736 993 ossa
760 938 819 993 Titi
840 937 1029 1001 Quinctilio
1049 937 1110 993 situ
1128 941 1202 993 sunt

185 1010 363 1082 copnominn
382 1009 499 1064 Firmi:
521 1008 686 1079 multiplici
704 1026 780 1065 cura
796 1010 901 1080 fessus
920 1025 1030 1064 securu
1048 1010 1170 1080 quiesco

657 1172 722 1237 376
824 1179 827 1184 ’

185 1297 322 1363 Manlius
346 1297 399 1362 hio
421 1297 500 1362 situs
524 1303 572 1362 est
596 1297 764 1362 Montanus
787 1302 898 1382 raptus
920 1296 1031 1379 iniqua

185 1404 386 1486 femineoque
409 1423 515 1467 manu.
551 1404 717 1486 insperans
741 1403 855 1467 incidit
878 1410 978 1469 aetas.

185 1509 235 1575 ias
259 1515 328 1574 erat
350 1515 386 1573 nt
409 1509 515 1594 potins
538 1516 632 1574 natus
657 1509 711 1592 pia
734 1509 845 1574 funera
870 1510 963 1575 nobis

185 1615 341 1701 penderet
365 1622 398 1680 et
421 1614 537 1698 dignos
561 1616 682 1680 coleret
706 1615 880 1698 Manesque
904 1622 1085 1701 patresque,

159 1725 211 1790 ssi
235 1723 378 1788 Fortuna
401 1723 454 1807 pie
478 1728 637 1787 seruasset
660 1729 737 1787 uota
760 1730 938 1808 parentum.

257 1882 328 1954 ern.
347 1899 376 1953 x
395 1898 466 1952 sios
485 1898 571 1962 (ren.
591 1899 671 1964 lene)
693 1915 731 1952 ex
755 1900 881 1966 schesis,
911 1900 1034 1968 plenum
1057 1899 1201 1954 uiderant
1305 1896 1306 1921 ¹

184 1968 376 2039 Augustinus
396 1977 425 2024 et
444 1970 578 2039 Pighius,
610 1969 671 2024 Ab.
686 1970 851 2023 Burmanni
865 1970 904 2024 IV
918 1971 977 2036 286,
998 1970 1113 2039 Meyeri
1132 1971 1202 2024 1382

256 2041 369 2110 Aquini
478 2043 697 2109 praescriptum
712 2039 898 2095 dilsMunib.
913 2057 1044 2109 sucrum,
1064 2043 1099 2096 L.
1111 2042 1200 2095 Mun·
1302 2100 1305 2105 ,

184 2110 225 2165 lio
245 2113 280 2165 L.
297 2111 322 2181 f.
344 2110 413 2180 Ouf.
433 2113 588 2178 Montano,
609 2114 644 2164 L.
658 2111 797 2166 Manlius
818 2110 945 2166 Glaucio
964 2111 1024 2166 sibi
1043 2114 1071 2165 et
1083 2111 1200 2167 Animi·

184 2181 248 2237 siue
270 2182 298 2237 0.
318 2184 335 2236 l.
356 2180 523 2237 Restitutoe
541 2182 665 2248 umori),
685 2184 720 2237 L.
740 2182 858 2237 diunlio
877 2185 913 2238 L.
930 2184 956 2252 f.
978 2183 1046 2252 Ouf.
1066 2184 1150 2251 Apro

255 2253 272 2306 2
289 2253 456 2322 femineum
473 2269 600 2307 monum
613 2253 765 2323 Vergilius
779 2254 929 2321 Camillae,
951 2254 1077 2309 Ouidius
1091 2254 1200 2334 Hypsi·

183 2325 269 2394 pyles
289 2332 395 2393 contra
415 2326 524 2378 fortem
546 2340 583 2377 ac
602 2325 788 2379 bellatricem
807 2325 956 2379 inducunt
1064 2324 1201 2379 concidit

183 2396 366 2450 emendabat
385 2396 545 2465 Hauptius.
583 2411 656 2449 sane
681 2396 767 2449 aliter
786 2396 890 2450 Cicero
916 2404 946 2451 et
965 2396 1066 2466 Nepos
1084 2393 1199 2450 incidit

183 2468 267 2521 aetas
285 2466 319 2521 in
339 2483 374 2521 ea
393 2470 531 2535 tempora
550 2468 717 2520 scribentes
824 2468 952 2522 4eidem
967 2469 1079 2522 scilicet
1093 2467 1122 2519 di
1138 2483 1201 2521 ma-

182 2553 237 2591 nes
257 2543 287 2592 et
306 2539 336 2591 di
356 2544 517 2607 parentum

655 2644 719 2709 377

183 2769 239 2833 Bis
263 2766 374 2851 de]nos
398 2787 498 2832 annos
522 2768 690 2832 Proculino
714 2768 783 2833 iata
806 2768 935 2853 dedere,

183 2874 253 2959 p]ro
277 2874 391 2956 quibus
415 2873 477 2939 hoc
499 2874 546 2937 illi
572 2873 730 2959 [perie]cit
754 2877 821 2940 uita
844 2883 1022 2961 parentum.

255 3049 327 3105 CIL.
347 3050 375 3103 X
392 3050 463 3104 5662
486 3066 524 3104 ex
544 3051 663 3104 schedis
763 3052 933 3106 Frusinone
1042 3052 1202 3121 praecedit

182 3122 211 3175 d.
226 3122 267 3174 M.
279 3122 317 3175 N.
334 3120 422 3176 Clodi
435 3121 473 3174 N.
490 3121 515 3191 f.
530 3122 595 3175 Pal.
610 3120 776 3190 Proculini,
797 3122 957 3177 decurioni
976 3121 1110 3178 coloniae
1121 3125 1200 3177 Fru-

182 3190 340 3259 sinntinrn,
361 3194 556 3260 subsequitur
575 3193 614 3246 N.
636 3192 760 3247 Clodius
778 3193 994 3263 anopbliclus
1014 3197 1042 3248 et
1061 3196 1201 3264 Verpun-

182 3262 242 3316 teia
258 3264 299 3315 M.
316 3263 340 3332 f.
355 3263 490 3317 Procilla
508 3266 536 3317 et
548 3265 586 3317 N.
599 3264 724 3319 Clodius
743 3264 955 3319 Numerianus
972 3266 1074 3335 frater
1092 3269 1120 3319 et
1138 3264 1202 3320 sibi

177 3332 371 3403 posterisque
390 3349 518 3388 suorum
532 3334 672 3404 fecerunt

252 3404 342 3459 2boc
360 3411 589 3459 monumentum
607 3405 655 3460 illi
674 3408 813 3461 fecerunt
833 3408 898 3459 uiui
918 3413 1069 3475 parentes.
1098 3407 1200 3477 perfe-

179 3473 221 3528 cit
239 3476 310 3543 quin
329 3493 347 3529 r
363 3483 431 3545 post
449 3475 496 3529 illi
510 3483 633 3531 enotata
651 3485 696 3532 est
715 3493 734 3530 a
745 3477 959 3544 Gioveuunzio,
977 3480 1198 3546 praestabilius

179 3553 254 3615 puto
275 3562 366 3615 quam
385 3545 511 3615 suffecit,
538 3548 612 3602 illud
631 3548 778 3617 losephus
798 3549 836 3603 de
856 3547 1016 3604 lllntthaeis
1035 3551 1199 3620 proposuit
