2644 3884
144 146 184 200 60
612 157 702 198 risum

147 308 209 372 hoc
231 312 360 391 praeter
384 313 508 372 ceteros
531 307 628 371 etiam
651 306 758 390 Hippo
783 305 924 391 dicti[tat

147 414 317 500 diarrytoS,
342 415 396 479 ubi
419 414 574 496 magister
596 420 764 497 praestans
787 412 904 496 floruit,

118 521 291 605 anixitque
314 540 477 586 numerum
506 521 540 583 in
563 540 597 585 se
622 512 670 584 de⁴
686 520 838 604 anologia
860 521 1068 606 Pythagorae
1098 522 1161 608 pri-

969 650 1114 694 manum.

217 788 336 857 Cagnat
356 804 425 841 ann.
446 787 603 857 epigraph.
624 786 694 840 1892
713 804 740 856 p,
755 786 791 840 54
814 802 853 841 ex
878 793 987 857 ectypo
1008 788 1091 857 quod
1111 789 1160 843 de·

146 860 233 914 derat
252 859 365 914 Carton
495 874 557 927 rep.
577 857 882 927 apudThuggenses
900 858 1053 913 Afrorum.
1091 861 1160 914 sub·

143 933 291 1000 seriptum
310 936 355 984 est
369 928 469 998 mins)
487 928 590 996 edocit)
611 946 638 983 a.
658 930 799 996 XXXVI,
820 928 890 993 latio)
908 928 1010 996 ditas)
1029 930 1094 997 etet)

217 1003 231 1055 l
252 1003 323 1056 tolle
343 1016 513 1070 cognomen
525 1006 560 1054 ut
572 1005 654 1055 reete
668 1001 835 1068 procedant
847 1003 966 1056 numeri
1054 1002 1071 1055 3
1084 1000 1160 1056 dicti

65 1112 69 1121 .
142 1075 176 1127 ‘in
189 1074 250 1128 fine
262 1088 371 1127 uersus
385 1073 470 1142 lapis,
487 1074 617 1126 lacunae
628 1073 775 1125 indicium
790 1073 906 1126 nullum
1005 1072 1159 1128 Maritus

144 1160 236 1214 quem
248 1146 488 1214 cosmographus
499 1144 571 1197 dicit
582 1145 745 1213 opponitur
754 1144 888 1213 Hipponi
901 1145 987 1213 regio
1061 1144 1159 1199 bano·

140 1215 228 1286 logia
254 1218 297 1270 sio
320 1217 405 1284 lapis.
444 1221 489 1269 est
508 1217 587 1269 enim
607 1217 624 1281 ἡ
644 1216 802 1280 καλουμένη
821 1216 981 1281 τετρακτύς,
1007 1217 1043 1269 τὰ
1069 1216 1096 1271 ἓξ
1114 1220 1159 1269 καὶ

141 1289 304 1354 τριάκοντα,
326 1289 455 1351 μέγιστος
474 1288 558 1353 ὅρκος
577 1286 665 1347 (Plut.
686 1287 724 1339 de
742 1286 780 1339 Is.
800 1287 835 1340 75
854 1302 881 1355 p.
892 1287 944 1340 381
957 1286 1001 1354 F).
1029 1293 1160 1342 metrum

140 1359 296 1412 constabit
316 1359 444 1426 demptis
463 1356 498 1411 in
517 1373 548 1410 se
568 1357 604 1410 de
623 1356 769 1426 analogia

619 1535 696 1599 108·

144 1662 205 1727 Vel
227 1681 311 1726 nunc
334 1659 488 1725 morando
512 1666 608 1742 resta,
634 1659 687 1742 qui
711 1679 827 1744 perges
849 1662 920 1742 lter,

144 1768 253 1833 Etiam
277 1766 414 1832 dolentis
438 1787 530 1832 casus
554 1766 708 1833 aduersos
731 1767 815 1850 lege,

144 1875 281 1940 Trebius
304 1875 450 1939 Basileus
473 1876 611 1939 coniunx
635 1895 717 1957 quae
740 1875 854 1959 scripsi
879 1873 1000 1958 dolens,

145 1984 189 2047 Vt
211 1983 293 2048 scire
316 1983 420 2066 possis
443 1981 527 2045 infra
550 1982 671 2066 scripta
694 1981 845 2066 pectoris.

117 2089 264 2156 eRerum
287 2090 441 2154 bonarum
464 2088 524 2152 fuit
548 2087 629 2152 haec
652 2096 766 2152 ornata
788 2090 864 2171 suis,

145 2198 287 2260 Innocua
309 2195 455 2278 simplex,
481 2214 563 2276 quae
586 2214 757 2275 numquam
781 2196 900 2259 errabit
924 2194 1042 2278 dolum,

145 2303 254 2369 Annos
278 2322 360 2385 quae
382 2301 464 2365 uixit
487 2301 570 2365 XXl
594 2308 626 2365 et
649 2301 811 2365 mensibus
834 2301 897 2364 Vll

145 2410 327 2492 Genuitque
351 2430 392 2474 ex
414 2428 466 2473 me
489 2415 554 2473 tres
576 2413 669 2472 natos
693 2427 772 2489 quos
795 2408 922 2490 reliquit
946 2409 1107 2493 parbulos‚

145 2516 283 2601 Rspleta
307 2522 453 2598 quartum
476 2522 567 2580 utero
590 2534 698 2579 mense
722 2521 837 2580 octauo
862 2515 939 2580 obit.

107 2651 135 2690 ro
145 2623 308 2688 Attonitus
331 2624 440 2706 capita
463 2642 547 2687 nunc
570 2595 734 2687 uersorrim
757 2621 890 2706 inspice,

145 2730 288 2794 Titulum
310 2728 461 2794 merentis
485 2749 540 2794 oro
563 2729 712 2812 perlegas
736 2728 854 2794 libens:

144 2837 311 2920 Agnosces
332 2856 448 2900 nomen
473 2836 618 2919 coniugis
640 2842 754 2919 gratae
777 2856 878 2901 meae.

216 2995 400 3064 descriptum
420 2994 555 3049 aRossio
572 2994 655 3049 dedit
674 2996 745 3047 mihi
764 2994 829 3048 Ihm
937 2996 995 3048 fuit
1012 2996 1045 3047 in
1063 2995 1158 3049 hortis

144 3066 319 3136 Campanae
333 3082 429 3136 prope
438 3065 633 3134 Lateranum,
653 3082 736 3119 nunc
753 3067 807 3119 ubi
821 3068 859 3120 sit
872 3067 1043 3135 ignoratur.
1075 3081 1158 3120 acro·

143 3138 247 3192 stichis
271 3136 394 3192 Veturia
414 3137 511 3191 Grata

217 3210 232 3261 l
251 3210 300 3262 uel
319 3225 409 3275 nunc,
429 3209 498 3263 lice-t
517 3210 656 3278 proxime
675 3210 714 3263 ab
733 3210 810 3263 urbe
935 3207 952 3260 2
971 3206 1063 3262 etiam
1081 3209 1158 3278 lapis

143 3279 237 3349 idque
256 3280 362 3334 melius
382 3284 427 3334 est
446 3295 537 3349 quam
556 3282 584 3332 et
601 3278 666 3334 iam
765 3281 782 3333 3
802 3279 1061 3349 pronuntiandum
1072 3280 1159 3333 Bast-

143 3352 209 3404 leus
229 3356 373 3419 quattuor
393 3351 517 3419 syllabis
670 3351 687 3405 5
707 3350 851 3406 ornatrix
870 3351 975 3404 debuit
994 3351 1085 3404 scribi
1104 3356 1158 3403 aut

143 3423 264 3475 ornato.
299 3426 483 3476 structuram
501 3424 558 3476 iste
578 3423 707 3476 eandem
727 3439 819 3492 quam
843 3425 875 3476 in
893 3422 1009 3490 referta
1027 3422 1091 3475 sim.
1113 3437 1158 3476 ce·

144 3494 202 3547 teri
220 3499 343 3557 secutus
362 3498 407 3547 est
512 3495 528 3548 7
545 3494 649 3562 implet
662 3509 786 3549 uersum
798 3491 913 3564 aipioti
929 3508 1026 3546 unum
1040 3494 1067 3545 et
1078 3508 1159 3546 meo·

144 3561 239 3631 sibus,
263 3565 383 3618 excedit
402 3579 547 3619 numerus
566 3565 643 3619 alter
785 3567 802 3619 8
821 3566 972 3630 ἑπτάπους,
992 3563 1159 3619 tollendum

1308 438 1317 479 l
