2650 3882
591 119 731 161 DAOTYLI

631 268 695 332 461

155 392 299 458 Suetrius
323 392 458 456 Hermes
481 391 534 456 hic
557 392 638 457 situs
661 396 719 473 est,
745 392 796 457 cui
819 391 931 457 Tertia
955 391 1094 457 coniunx

154 519 243 563 aram
267 499 431 563 constituit
454 498 552 581 digno
575 499 753 580 meritoque
776 498 900 581 marito,

154 625 226 671 eum
250 625 312 687 quo
336 603 528 670 concordem
551 606 651 669 uitam
674 605 854 687 multosque
877 625 1058 690 perennes

154 713 237 778 uixit
261 718 294 778 et
318 718 428 777 tenero
452 714 571 793 casu(s)
596 712 700 777 solata
723 712 838 777 marito
862 719 921 793 est,

131 818 196 885 sde
220 821 311 885 cuius
334 819 422 883 fama
444 819 535 882 multi
560 836 631 883 cum
654 816 751 883 laude
774 818 931 900 locuntur,

154 925 240 1008 quod
263 924 360 990 fuerit
384 925 486 990 cultor
509 924 629 989 domiui
654 944 824 1008 rerumque
848 931 880 990 et
904 931 1037 990 amator.

153 1039 188 1097 tu
212 1032 266 1115 qui
314 1080 924 1097 .......

225 1190 360 1245 Fabrstti
382 1190 441 1257 165,
461 1192 514 1245 300
542 1190 622 1244 1)οηί
641 1190 666 1256 2,
686 1190 738 1244 196
765 1190 902 1245 Henzeni
930 1191 1069 1245 schedae.
1107 1189 1170 1244 AL.

154 1262 321 1316 Burmanni
346 1262 387 1316 IV
405 1262 467 1328 217,
495 1260 699 1331 Meyeri1325
729 1276 858 1330 quorum
883 1266 1013 1331 uterque
1037 1263 1169 1316 christia·

154 1350 224 1388 nam
244 1334 471 1402 inscriptionem
491 1334 676 1387 existimasli
695 1330 814 1387 domini
835 1334 988 1388 uocabulo
1013 1336 1053 1397 (u.
1072 1334 1100 1397 6)
1120 1333 1169 1387 de·

155 1410 270 1475 ceptus.
299 1405 328 1458 d.
343 1404 385 1457 Μ.
405 1405 674 1473 praescriptionem
693 1403 811 1458 Donius
830 1403 955 1458 tradidit
1054 1404 1169 1459 Romae

154 1477 187 1529 in
206 1475 334 1529 aedibus
353 1474 524 1530 cassinellis

226 1544 457 1600 Bcoacordiam
480 1545 568 1599 Fabr.
596 1546 708 1615 aliique
734 1543 949 1607 (concordiam
967 1545 1085 1601 Gudius
1104 1549 1169 1610 ms.)

154 1622 190 1672 ut
208 1618 386 1671 concordem
408 1617 497 1671 docto
518 1616 705 1671 emendatori
728 1616 872 1671 uideatur
897 1618 1010 1682 deberI,
1039 1619 1076 1671 cf.
1096 1615 1168 1671 CIL.

154 1688 226 1743 VIII
237 1688 308 1742 8530
326 1704 395 1743 cum
408 1687 549 1744 omnibus
567 1686 750 1743 concordius
768 1704 816 1742 mc
834 1686 909 1743 uiuo
926 1686 988 1757 feci
1008 1693 1038 1743 et
1057 1703 1167 1742 nomen

155 1761 312 1829 proprium
328 1758 515 1814 Concordiae
596 1757 709 1813 lamii
727 1760 854 1828 spondei
873 1760 973 1813 locum
991 1763 1083 1814 tenet.
1112 1760 1169 1813 heu

154 1832 247 1885 inseri
266 1831 364 1884 uoluit
378 1830 571 1885 Burmannus
653 1846 743 1884 casus·
762 1831 861 1885 solata
880 1832 1008 1885 conieci:
1028 1830 1168 1885 casasola

156 1900 282 1969 Gaurus,
312 1903 455 1957 cususbta
474 1902 647 1957 Fabrettius
670 1903 761 1963 (idern
784 1903 816 1955 in
836 1903 976 1971 margine
1001 1907 1031 1956 et
1049 1902 1167 1956 Donius

156 1973 238 2053 quod
251 1974 344 2042 uolgo
358 1979 514 2043 receptum
530 1979 575 2028 est
587 1972 762 2039 subtracta),
777 1988 884 2027 casuco
887 2012 929 2026 .....
942 1972 1083 2042 Sponius.
1101 1988 1168 2027 coa·

154 2045 261 2098 cuncta
279 2043 472 2098 Burmannus
491 2050 627 2114 patruus,
647 2041 780 2113 spoliata
799 2045 883 2114 prius
901 2059 960 2114 ego
980 2045 1125 2114 proposui

191 2116 207 2169 6
225 2113 351 2184 uerique
365 2114 559 2170 Burmannus
573 2117 629 2169 etsi
648 2113 808 2170 dominum
820 2130 909 2185 posse
925 2121 1087 2185 patronum
1101 2129 1167 2169 esse

154 2202 217 2241 non
233 2187 389 2256 ignorauit
494 2187 626 2241 israeio
643 2186 744 2256 lapide
763 2188 882 2255 periere
895 2192 1005 2241 cetera.
1033 2188 1067 2238 tu
1085 2183 1168 2255 quis-

155 2256 226 2327 quis
245 2255 320 2327 lepis
339 2259 411 2311 daec
431 2258 590 2312 mortalem
609 2258 636 2311 te
655 2272 718 2312 esse
736 2258 882 2311 memento
901 2257 1094 2312 Burmannus
1116 2256 1168 2309 ad·

155 2330 275 2397 scrIpsit

630 2420 696 2483 462

155 2543 217 2608 Hic
241 2542 333 2627 sitlos
356 2543 415 2627 est]
441 2593 449 2609 .
474 2593 482 2609 .
506 2543 518 2608 i
541 2564 594 2608 mu
619 2592 627 2607 .
652 2592 659 2609 .
686 2592 693 2609 .
717 2544 821 2628 prima
844 2541 974 2608 iuuenta
996 2540 1058 2607 fuit
1082 2590 1089 2604 .
1115 2591 1122 2605 .

156 2647 232 2714 dum
255 2649 362 2715 uarias
386 2650 475 2735 cupit
497 2649 646 2735 species]
670 2670 778 2716 museo
801 2649 901 2735 figere
924 2649 1046 2715 inulto

156 2755 278 2821 decidit
301 2762 334 2820 et
356 2757 493 2822 Hermas
516 2757 578 2822 hoc
601 2777 685 2823 nunc
709 2762 758 2822 est
781 2755 923 2841 pondere
947 2755 1074 2822 clausus

156 2868 335 2945 aeternasq.
359 2862 507 2929 lacrimas
531 2863 659 2946 reliquit
682 2863 788 2947 Carpo
811 2863 948 2948 parenti.

228 3019 300 3075 CIL.
311 3020 354 3074 IX
364 3020 434 3075 6281
449 3036 488 3075 ex
498 3020 653 3075 Accursio.
683 3019 745 3074 AL.
755 3020 922 3075 Burmanni
932 3020 973 3075 IV
984 3020 1045 3085 306,
1055 3019 1170 3089 Meyeri

156 3092 235 3146 1494.
267 3093 437 3161 genuinum
462 3094 582 3146 titulum
605 3107 673 3146 esse
693 3107 783 3161 quem
802 3092 944 3145 antesin
967 3092 1170 3160 suspicionem

156 3168 285 3217 uocarat
302 3163 363 3216 iam
382 3163 522 3217 adfirmat
540 3162 743 3218 Mommsenus
845 3161 1014 3218 Beneuenti
1033 3168 1067 3216 ut
1086 3161 1171 3216 uide-

156 3240 207 3288 tur
336 3233 541 3303 suitscriptum
561 3232 615 3304 qui
633 3232 716 3288 utcu
734 3249 806 3287 aaa.
825 3234 905 3286 XXI
919 3250 958 3288 m.
985 3233 1077 3288 VIIII
1093 3230 1169 3287 died.

157 3304 224 3357 XX.
255 3303 375 3372 Carpus
393 3303 528 3360 coloniae
547 3309 677 3370 (semiue)
692 3306 785 3374 pater
802 3301 1038 3373 infelicissimus
1054 3301 1151 3373 secut)

229 3376 243 3428 1
274 3380 421 3442 quantum
447 3376 615 3430 litterarum
641 3376 719 3430 desit
744 3391 852 3445 parum
879 3380 994 3430 certum
1018 3380 1071 3430 est.
1106 3375 1171 3429 bini

156 3446 266 3515 lapidis
283 3460 391 3500 uersus
410 3447 548 3517 singulos
566 3448 758 3501 hexametros
778 3447 922 3514 efficiunt,
941 3442 1098 3514 liic-fuit
1116 3460 1172 3514 per

156 3521 218 3571 tres
235 3530 345 3570 uersus
364 3516 484 3587 digesta
502 3524 573 3572 sunt
592 3519 772 3587 spatiosiore
790 3518 950 3587 scriptura.
978 3518 1109 3572 fortasse
1128 3517 1172 3570 est
