2644 3884
598 187 785 227 HEXAMETRI

661 352 726 417 276

184 477 282 543 Vitea
305 483 382 559 quot
405 477 509 560 longis
532 483 606 541 sunt
629 482 717 541 teuta
740 482 878 561 excepta
901 477 1056 541 oolumnis

185 606 226 651 ae
248 584 346 649 doeili
368 583 452 649 libra
474 590 608 648 teretem
632 590 709 666 quot
731 582 833 648 flexus
855 583 888 647 in
911 604 1020 648 areum
1044 591 1103 667 est,

185 710 342 756 marmore
366 697 443 772 quot
465 691 567 754 Pareo
591 691 681 754 uiunt
705 691 861 774 spirantia
884 691 977 774 signa

186 797 346 880 aequo[ris
370 796 415 881 e]t
438 796 528 861 uario
552 804 629 878 quot
652 796 792 880 p[rofluit
815 796 901 861 unda
924 802 1031 860 meatu

256 1082 379 1151 Ephem.
400 1081 558 1150 epigraph.
577 1080 602 1133 V
622 1080 692 1134 1009
712 1080 807 1134 deser.
827 1079 1018 1136 Ithchmidt
1127 1080 1199 1135 Cae-

185 1168 292 1207 sareae
317 1154 349 1205 in
369 1152 560 1205 Mauretania
583 1154 743 1205 inuentum
768 1168 863 1221 prope
882 1168 1024 1221 magnam
1051 1153 1198 1221 piscinam

184 1226 389 1289 maceriatam
419 1223 603 1276 destinatum
627 1223 791 1291 nymphaei
816 1224 974 1277 cuiusdam
994 1227 1052 1276 aut
1071 1224 1199 1278 therma-

185 1311 253 1349 rum
272 1295 414 1348 laudibus

258 1367 272 1418 1
295 1366 377 1435 quod
396 1367 439 1418 sie
457 1366 533 1418 haee
553 1370 703 1419 exornata
723 1369 794 1418 sunt
813 1367 913 1419 omnia
928 1366 1078 1420 debentur
1092 1365 1198 1418 uirtuti

185 1439 288 1492 neseio
309 1437 395 1490 euius
525 1437 542 1489 2
559 1437 659 1506 flexos
677 1452 789 1490 nomon
809 1437 984 1491 duriuscule
1004 1438 1134 1505 positum
1154 1440 1199 1490 est

186 1525 241 1578 pro
262 1508 377 1562 exedra
395 1509 438 1560 ita
457 1509 538 1561 flexa
557 1513 610 1561 aut
629 1509 749 1576 portion
855 1508 872 1561 3
891 1507 981 1562 Parii
999 1507 1120 1576 lapides
1138 1504 1199 1575 spa·-

186 1578 291 1633 raratr'a
310 1578 402 1649 siqua
421 1578 511 1648 Verg.
531 1595 578 1648 ge.
599 1579 643 1631 ΙΙΙ
663 1579 698 1632 34
833 1579 850 1632 4
869 1581 998 1633 formam
1017 1579 1199 1633 adumbraui

187 1652 356 1705 sententiae

663 1793 725 1857 277

186 1917 333 2002 Siglnum
357 1924 389 1982 et
413 1917 600 2002 [derleotam
625 1916 756 2000 [plrisea
779 1916 911 2000 regione
935 1916 1137 2001 eollulmnam

186 2025 361 2110 Septimius
384 2031 517 2090 renouat
540 2025 662 2108 primae
686 2026 870 2108 prouinciae
893 2032 1008 2090 rector.

256 2201 404 2255 Huebner
431 2202 463 2254 in
490 2201 629 2256 Hettneri
658 2203 771 2255 nuntiis
797 2200 939 2255 German.
968 2201 1200 2255 occidentalium

117 2334 121 2341 Ι
187 2273 255 2327 1891
275 2289 303 2341 p.
317 2272 371 2326 254
389 2273 429 2326 ad
448 2278 590 2341 eetypum
729 2273 955 2326 Durocornouii
973 2273 1149 2326 Britanniae
1168 2273 1200 2324 in

186 2359 284 2413 parua
308 2344 374 2397 basi
394 2346 480 2397 euius
505 2345 606 2397 antica
630 2360 700 2413 pars
730 2343 823 2397 habet
841 2341 931 2407 Itoni)
952 2341 1093 2411 otpto'mo)
1113 2342 1171 2411 [rra]
1194 2340 1197 2412 l

186 2416 220 2468 L.
231 2412 447 2482 Septlimiusl.
464 2416 467 2480 Ι
484 2412 557 2481 utir)
568 2412 837 2483 p(erfectiosimus)
849 2416 999 2482 prtaeses)
1012 2414 1019 2481 [
1021 2429 1112 2482 prou.
1121 2411 1200 2467 Brit.

180 2484 314 2554 primae]
332 2486 336 2551 l
352 2483 497 2554 readducit
516 2502 622 2539 curam
641 2485 757 2554 aperite]
774 2486 779 2549 Ι
798 2485 826 2539 0.
846 2486 961 2551 rost„
988 2486 1110 2538 sinistra
1133 2499 1200 2539 uer-

186 2573 253 2610 sum
273 2558 297 2620 1,
327 2557 435 2610 dextra
458 2573 487 2609 u.
508 2557 533 2610 2.
571 2557 690 2610 litterae
719 2556 861 2609 dicuntur
890 2572 958 2609 eum
985 2571 1058 2609 eura
1086 2557 1200 2609 incisae

185 2643 264 2681 aeuo
284 2627 476 2692 Diocletiani,
504 2628 611 2682 eodem
634 2643 713 2681 aeuo
737 2628 896 2696 prouincia
919 2627 1077 2682 Britannia
1103 2628 1201 2696 prima

187 2699 351 2752 constituta
371 2703 429 2752 est'

257 2771 272 2823 1
297 2771 325 2822 et
348 2771 476 2823 ereetum
494 2769 604 2837 prisco
629 2768 776 2840 redipione
798 2770 945 2824 Huebner
968 2771 1118 2825 sententia
1141 2785 1200 2824 me·

185 2841 269 2907 lime,
289 2842 396 2908 fateor,
416 2840 469 2894 sed
485 2846 547 2894 tam
562 2842 740 2896 dissolutum
753 2857 877 2895 uersum
897 2842 1030 2911 praesidi
1048 2842 1199 2909 imputare

185 2918 312 2965 eune-tor
330 2913 490 2980 spatiaque
506 2912 616 2981 lapidis
631 2914 670 2966 ab
685 2913 801 2967 editore
814 2913 976 2982 designata
989 2912 1200 2981 supplemento

185 2984 237 3036 tali
257 2985 356 3037 minus
376 2984 564 3036 conueniunt

662 3126 726 3191 278

184 3249 402 3332 Constantine,
427 3256 498 3315 tuos
521 3251 568 3315 sio
591 3270 718 3333 semper
740 3251 833 3315 malis
856 3251 957 3315 iratos

184 3357 351 3440 cernimus,
376 3357 556 3440 Augtustis)
581 3357 684 3438 malis,
709 3361 741 3420 et
764 3377 847 3441 paee
869 3355 1019 3441 potimur,

184 3483 255 3527 eum
279 3469 312 3528 et
335 3464 368 3526 in
391 3462 453 3528 hoo
476 3462 597 3547 g[e]nio
621 3482 692 3527 sese
715 3461 882 3547 prouincia
905 3462 1093 3547 monst[re]t‚

183 3589 259 3634 nam
283 3567 403 3654 [t]o[l]it
426 3568 481 3634 ille
504 3589 615 3634 eruces
639 3576 671 3634 et
693 3568 816 3653 proelia
839 3590 937 3635 saeua
960 3571 1098 3655 tyranni·
