2644 3884
594 184 722 225 SENARII

152 354 260 400 sumus
281 333 443 416 mortales,
467 332 662 397 immortales
684 352 748 397 non
771 352 878 398 snmus
903 382 910 397 .
959 383 966 396 .

151 440 369 525 praesumptio
392 445 502 505 nostra
525 437 607 504 haec
630 445 679 504 est
703 458 760 504 uas
790 488 798 504 .
847 488 854 504 .
903 488 910 504 .

241 547 383 612 uicturos
407 544 565 611 credimus
611 595 618 608 .
666 594 674 609 .
722 595 729 608 .

114 680 142 719 ιο
151 653 198 719 313
222 673 299 736 ergo
323 659 358 717 tu
380 652 506 717 mortal.
545 671 690 717 securam
713 652 778 716 iam
802 672 911 717 nuno.
960 702 967 715 .

153 779 246 825 casus
269 759 370 824 nostri
393 757 475 823 hacc
498 757 605 823 facere
628 757 708 823 relin
738 807 746 823 .
795 807 802 823 .

152 872 286 931 mortem
332 864 442 929 uiuere
487 884 612 948 semper
658 884 693 929 so
736 914 743 929 .
792 914 799 928 .
848 913 855 928 .

153 980 287 1057 agentes
316 973 386 1037 sani
416 971 460 1036 ad
488 991 621 1056 superos
655 970 698 1036 ho
740 1021 746 1035 .
795 1022 802 1037 .

242 1079 318 1162 quia
385 1079 495 1143 uiuere
562 1098 620 1142 n.
669 1126 676 1141 .
725 1127 731 1141 .

224 1255 371 1309 Muratori
391 1254 480 1320 168,1
499 1254 571 1308 inde
591 1253 663 1308 CIL.
682 1254 725 1308 XI
744 1254 796 1308 856
815 1255 870 1308 ubi
890 1257 1017 1309 accessit
1037 1271 1108 1325 pars
1121 1272 1173 1311 eo·

152 1343 220 1381 rum
240 1342 319 1395 quae
338 1326 518 1380 adnotarem
537 1341 612 1379 mus.
632 1326 715 1379 rhen.
735 1326 769 1380 27
788 1342 816 1395 p.
832 1326 882 1380 137
989 1326 1125 1381 Mutinae

189 1398 360 1451 mutilatum
382 1413 400 1450 a
425 1397 534 1450 dextra
559 1398 678 1450 titulum
703 1402 799 1451 totum
825 1399 979 1467 proposui,
1009 1415 1081 1452 nam
1100 1414 1171 1452 cum

154 1470 291 1524 senarius
314 1470 474 1522 manifesto
499 1483 608 1522 uersus
628 1469 644 1522 7
663 1470 708 1535 sit,
736 1474 798 1522 turn
822 1470 964 1537 proxumi
983 1470 1089 1524 saltem
1107 1471 1172 1523 imi·

153 1545 258 1594 tantur
276 1540 393 1593 iambos
411 1538 498 1606 33113]
518 1538 733 1608 praesumptio
756 1542 863 1594 mostra
886 1541 958 1594 haec
977 1543 1097 1595 331333
1117 1541 1171 1609 [13-

153 1627 230 1677 mem,
250 1610 378 1679 semper]
398 1609 535 1664 uicturos
554 1609 707 1664 credimus
728 1611 973 1679 [533333311133.
1006 1613 1060 1666 sed
1071 1613 1170 1666 Mura-

153 1684 223 1736 torii
244 1682 416 1751 exemplum
437 1680 520 1749 quod
538 1696 634 1734 unum
653 1687 792 1750 superest
810 1698 874 1736 non
895 1684 967 1736 satis
986 1683 1057 1737 fidei
1076 1683 1172 1737 habet

154 1753 193 1806 ad
207 1753 462 1822 redintegrandos
475 1752 541 1806 illos
556 1756 585 1806 et
596 1754 674 1820 siqui
688 1753 791 1822 plures
805 1757 892 1807 erant
906 1755 1047 1808 carminis
1059 1769 1172 1809 uersus

226 1825 260 1877 10
279 1824 318 1877 ad
338 1828 404 1878 sent
406 1829 457 1877 ent
446 1825 517 1876 tiam
536 1822 684 1890 mortalit,
704 1839 780 1876 cara
794 1822 859 1877 iam
874 1840 956 1879 3333
970 1824 1103 1894 [memor]
1123 1841 1172 1880 33

154 1910 207 1949 333
230 1898 300 1949 3331
300 1893 330 1949 m'
353 1896 425 1949 haec
446 1894 558 1962 faeere,
583 1909 616 1947 re
617 1893 795 1963 13133333
796 1893 854 1962 313,
878 1894 960 1963 post]
980 1899 1107 1950 mortem
1124 1895 1172 1950 31-

153 1981 224 2020 uere
243 1982 378 2035 semper:
397 1964 466 2033 so[le'
484 1964 548 2032 hoc]
568 1967 659 2034 eperat
660 1981 691 2019 33
709 1964 781 2020 3331
800 1967 983 2035 3113333333
1001 1966 1171 2035 1131131333),

154 2036 229 2106 qaia
248 2036 353 2091 uiuere
371 2037 445 2105 3[33
464 2035 591 2091 3313133
610 2037 664 2091 hoc

632 2216 695 2280 192

153 2346 189 2405 ut
210 2338 421 2424 perferantur,
446 2341 474 2404 si
498 2360 561 2421 qua
584 2348 667 2414 sunt,
692 2339 734 2404 ad
757 2339 889 2405 inferos

154 2444 229 2511 date
253 2450 358 2511 terrac
381 2445 529 2528 fructum,
553 2452 589 2509 ut
612 2453 699 2511 terra
722 2447 824 2530 possit
847 2444 992 2511 reddere.

153 2554 200 2626 ab⁴
219 2550 283 2616 alio
306 2570 425 2636 speres,
450 2552 551 2616 altero
576 2551 661 2633 quod
684 2552 810 2644 feceris.

226 2727 338 2783 Gruter
355 2728 416 2793 928,
435 2729 452 2782 9
570 2728 694 2783 Romae.
733 2729 799 2783 sine
818 2729 918 2798 capite
937 2744 1068 2797 carmen,
1095 2734 1172 2784 tam·

155 2815 246 2923 quati]
261 2799 372 2924 11111111ξὲ
390 2815 469 2924 Ῑ11111111
470 2800 591 2924 11111133
579 2875 637 2924 t.ur
670 2869 698 2924 31
717 2885 779 2940 qua
797 2873 870 2926 3331
893 2887 1039 2941 quorsum
1062 2872 1172 2927 tendet

155 2946 201 3022 ost
190 2941 320 2994 tendunt
339 2957 376 2995 ea
396 2956 475 3009 quae
494 2941 624 3011 adposui
642 2957 671 2995 n.
691 2942 743 2995 132
763 2948 793 2997 et
812 2943 864 2997 179
882 2943 932 2997 uel
951 2943 1078 2997 Henzen
1097 2942 1168 2997 7382

153 3010 248 3080 impet
248 3028 287 3065 ra
304 3010 333 3066 31
352 3028 430 3094 quae
453 3013 526 3066 3331
544 3012 653 3067 Manes
671 3027 709 3066 33
732 3016 796 3067 tam
818 3015 922 3068 333133
921 3030 975 3067 am
1001 3011 1172 3068 discidium

154 3082 332 3153 3333113331·
350 3082 468 3137 (1131133
575 3083 593 3137 2
610 3084 770 3153 Euripides
790 3085 825 3138 fr.
838 3085 889 3140 151
908 3085 1075 3165 interprete
1087 3082 1170 3139 Cice·

153 3169 229 3208 rone
248 3160 324 3208 tuse.
343 3154 386 3207 III
406 3155 441 3208 59
464 3153 681 3208 33113333311
640 3156 769 3209 terrae
787 3158 878 3222 terra,
904 3158 970 3210 tum
987 3154 1054 3210 3113
1073 3154 1171 3210 ommi

154 3226 211 3279 bus
228 3227 288 3279 me
276 3225 368 3279 33313
386 3225 1168 3307 31113333,933313313389ιιὸγιιιε2
1202 3274 1205 3280 .

154 3297 192 3351 ab
216 3294 277 3350 3113
302 3295 566 3365 33333133311331
589 3298 672 3365 quod
694 3296 805 3366 feeem's
831 3298 884 3351 ubi
909 3297 981 3351 uide
1001 3313 1081 3366 quae
1099 3297 1169 3351 Rib-

153 3369 281 3421 beckius
301 3367 469 3438 adscripsit
498 3368 529 3420 in
549 3368 696 3437 sepulcris
715 3369 818 3422 haec
809 3370 906 3423 incisa
925 3367 964 3421 ad
977 3368 1103 3423 tutelam
1120 3384 1171 3423 eo·

154 3452 222 3491 rum
245 3443 384 3507 spectant
408 3442 453 3501 (ut
473 3438 521 3493 Or
539 3437 611 3492 4186
631 3437 1103 3521 33313133333313,333313113
1128 3439 1169 3493 ab

154 3507 224 3575 3113,
243 3508 314 3563 4802
353 3511 416 3564 uod
429 3508 548 3578 feceris,
568 3511 595 3563 31
613 3507 669 3563 tibi
687 3507 768 3563 31133
785 3509 887 3579 faciet,
907 3526 1000 3580 supra
1019 3511 1168 3566 adnotata

152 3581 186 3633 in
205 3550 259 3644 95).
289 3525 368 3635 effi.
380 3580 409 3634 Χ
426 3581 498 3635 4972
517 3578 578 3635 3113
596 3578 713 3634 memini
