2646 3884
569 159 697 201 saudan
1120 150 1158 206 47

139 324 210 364 rum
239 304 336 379 quieti
363 310 393 360 et
418 303 540 376 quiesco
564 310 594 361 et
619 321 699 375 quae
723 307 756 360 in
781 307 876 362 titulis
898 307 1157 377 post'Antoninos

141 381 231 435 iactis
250 379 485 447 frequentantur
499 377 611 440 Qaetrm
625 375 717 440 Qaita
730 393 904 448 requescere
916 377 1074 450 inquitare
1092 384 1156 437 sim.

240 449 466 504 bindicatinus
490 465 546 517 pro
573 449 763 517 imperatiuo,
792 454 827 503 ιιι
854 451 886 504 in
911 452 998 505 titulo
1023 453 1157 521 quodam

141 519 277 576 maiores
295 518 422 587 benetia,
442 521 479 574 cf.
493 520 528 574 76
542 525 570 574 et
584 519 627 587 77,
637 534 658 573 a
687 535 778 589 quam
793 521 1002 577 contusionem
1016 526 1158 594 progeni-

142 598 204 647 tam
227 607 242 647 a
261 591 360 645 finalis
373 596 433 644 tam
455 591 546 645 debili
564 606 639 646 sono
659 597 693 645 ιιι
712 592 817 645 addita
836 608 873 646 ac
886 593 1009 663 dempta
1028 596 1156 664 perinde

139 663 315 730 baberetur,
329 662 462 721 ,adiuuit
487 662 545 716 hoc
573 663 655 731 qnod
679 663 797 718 formae
819 663 907 716 uerbi
927 665 1006 719 aliae
1025 671 1158 735 utroque

140 735 233 790 modo
246 734 490 788 terminabantur
501 733 583 787 idem
596 734 803 803 significantes
816 739 852 787 ut
864 734 1006 803 sequaris
1018 750 1156 805 sequare.

139 812 206 861 tum
225 805 362 875 genetiui
380 806 571 859 iterationem
586 806 715 874 scriptor
727 807 829 859 uitans
842 806 948 859 incidit
966 808 997 859 in
1016 809 1156 862 soloecis·

140 892 233 943 mum,
260 877 435 930 mementote
463 877 641 929 conueniret
669 878 855 939 accusatius
883 877 979 931 simile
1011 878 1157 946 quiddam

140 949 247 1002 subest
265 948 372 1016 priscis
395 947 452 1000 illis
475 944 552 1016 quid
576 944 633 1001 tibi
654 949 733 1002 banc
751 945 843 1002 tactio
862 950 913 1016 est,
937 948 1062 1003 similius
1081 950 1159 1017 53‚r›

140 1021 197 1074 boc
215 1016 314 1073 noluit
331 1015 453 1072 ancias
471 1033 509 1071 ac
528 1032 609 1072 esses

627 1143 668 1208 91

140 1254 205 1333 Qui
229 1273 310 1336 cum,
335 1253 410 1317 dum
429 1252 562 1318 haberet
584 1253 726 1318 clausam
749 1251 782 1317 in
807 1254 939 1318 castello
962 1251 1157 1335 anilmullam

141 1361 319 1442 mortalem,
344 1360 386 1424 ad
410 1379 542 1443 superos
565 1359 688 1425 licitum
711 1367 769 1443 est,
795 1360 947 1445 [ibuitam
971 1359 1014 1426 ad
1038 1361 1123 1425 diem

142 1466 264 1553 p[a]rce
287 1466 473 1551 pudensque
496 1466 580 1531 uixit
603 1467 688 1532 omni
712 1473 865 1552 ternpore,

142 1576 311 1641 Auruncus
334 1574 438 1658 era[t]‚
462 1574 602 1658 Fulslins
625 1580 695 1640 erat
718 1576 845 1641 nomine

117 1683 296 1765 smagister
318 1680 386 1745 ludi
409 1681 544 1745 litterari
567 1680 760 1763 Philocalns‚

143 1810 266 1855 summa
289 1808 385 1870 quom
408 1787 558 1852 castitate
580 1787 614 1851 in
638 1787 812 1872 discipulos
835 1808 918 1870 snos7

142 1895 292 1977 idemque
314 1900 507 1960 testamenta
530 1893 658 1979 scripsit
682 1893 851 1977 nunide,

142 2022 204 2069 nec
227 2002 398 2085 quoiquam
422 2000 646 2085 [perlnegauit
670 1999 766 2066 laesit
786 2002 954 2067 neminem.

143 2110 191 2175 ita
214 2107 420 2201 [de]cucurrit
443 2108 542 2172 uitam
566 2106 648 2172 fidus
670 2108 739 2172 sine
762 2127 813 2172 me
828 2127 859 2173 u.

102 2244 131 2283 ro
144 2216 213 2282 cius
236 2234 309 2281 ossa
331 2234 416 2280 nunc
439 2213 492 2279 hic
515 2213 578 2279 sita
601 2219 674 2278 sunt
696 2214 804 2298 posita
826 2234 847 2278 a
870 2213 1044 2298 cen[t]uris.

215 2356 288 2412 CIL.
306 2355 335 2410 X
352 2355 423 2409 3969
441 2355 519 2408 uidit
528 2355 703 2420 Mommsen,
722 2355 829 2408 Nissen
848 2355 880 2407 in
899 2354 1011 2409 Hermc
1030 2355 1044 2408 I
1063 2371 1091 2424 p.
1106 2355 1159 2409 148

259 2427 416 2496 Neapolim
442 2425 547 2495 Capua
573 2426 696 2479 uidetur
718 2427 883 2480 translatus
911 2426 997 2492 lapis,
1025 2426 1158 2480 euanida

143 2501 303 2570 scriptura.
331 2503 453 2567 praeter
472 2513 595 2551 carmen
614 2497 687 2550 nihil
708 2498 895 2564 inscriptum,
915 2496 1057 2566 insculpti
1076 2498 1157 2550 infra

143 2586 240 2626 senex
262 2571 294 2623 in
317 2569 390 2623 sella
414 2568 522 2623 sedens
542 2568 743 2636 discipulique
767 2583 844 2636 puer
863 2573 893 2620 et
913 2567 1022 2636 puella.
1060 2572 1158 2621 extre-

142 2643 200 2697 mis
223 2642 371 2695 libertatis
394 2655 540 2695 romanac
565 2639 752 2708 temporibus
770 2638 915 2692 Nissenus
937 2638 1058 2692 titulum
1078 2638 1157 2692 adsi-

143 2718 264 2783 gnarat‚
284 2714 333 2765 cui
352 2711 521 2766 sententiae
539 2712 607 2764 iure
626 2710 743 2764 diffisus
762 2709 965 2763 Mommsenus
984 2711 1072 2779 prirni
1091 2725 1158 2764 uer·

143 2799 196 2839 sus
215 2785 311 2837 uerba
330 2785 416 2851 paria
435 2781 583 2834 Hadriani
601 2781 659 2835 illis
679 2778 818 2834 animula
841 2781 950 2848 hospes
969 2778 1108 2846 corporis
1128 2786 1158 2834 et

142 2870 255 2910 nomen
272 2853 452 2909 Auruncum
472 2868 511 2906 cx
530 2853 709 2907 scholastica
726 2852 898 2906 eruditione
918 2854 1095 2906 arcessitum
1114 2853 1158 2905 iu-

143 2926 266 2979 dicauit.
296 2930 377 2979 certe
395 2930 457 2978 tam
475 2924 700 2978 tenebricosum
722 2923 779 2977 hoc
798 2928 843 2976 est
862 2930 897 2977 ut
914 2923 964 2976 uel
978 2922 1075 2976 Lucili
1096 2937 1158 2976 mu·

144 2998 274 3066 nicipem
293 2998 390 3065 possis
410 2996 546 3065 cogitare
565 2994 616 3049 uel
627 2992 815 3063 Campanum
834 2994 935 3047 aliaue
955 2993 1157 3063 parteItaliae

142 3075 257 3123 natum.
295 3083 386 3137 quom
412 3067 502 3120 scribi
528 3066 713 3135 praepositio
739 3081 801 3118 non
825 3065 922 3118 desita
948 3068 1014 3118 erat
1033 3063 1157 3118 Terenti

143 3137 251 3194 Scauri
270 3144 300 3193 et
314 3138 475 3191 Frontonis
494 3143 602 3204 aetate,
620 3137 702 3189 illam
722 3138 821 3189 statim
842 3137 956 3204 excipit
973 3151 1003 3188 u.
1023 3136 1039 3189 7
1059 3138 1157 3188 forma

142 3210 288 3279 uolgaris.
317 3210 461 3263 abhorret
480 3214 623 3262 austere
642 3222 781 3261 sermone
800 3223 829 3259 u.
849 3206 867 3260 5
891 3204 1023 3261 litterari
1042 3207 1157 3275 geneti-

143 3295 203 3334 uus
232 3281 375 3334 adiectiui
402 3280 526 3334 brcuior
554 3278 713 3332 addendus
742 3279 930 3346 paucissimis
959 3293 1039 3346 quae
1062 3275 1158 3330 Lach-

142 3367 274 3405 mannus
287 3350 377 3405 Lucr.
390 3367 419 3419 p.
432 3350 483 3404 327
504 3351 626 3419 collegit
646 3350 799 3418 exemplis,
819 3364 890 3401 nam
909 3350 988 3403 tituli
1007 3349 1058 3401 alii
1077 3363 1157 3416 quae

143 3423 257 3476 habent
280 3423 415 3476 similiter
440 3423 552 3491 scripta
575 3427 609 3474 ut
628 3420 810 3489 Ancyranus
829 3419 962 3489 Augusti
985 3418 1058 3473 nuri
1076 3434 1157 3473 coro·

143 3490 225 3560 nari,
243 3494 313 3549 ideo
333 3494 522 3562 aliquantum
542 3508 560 3545 a
579 3492 710 3545 metricis
730 3490 842 3545 distant
861 3491 944 3559 quod
968 3506 1031 3544 non
1050 3490 1157 3544 eadem

142 3564 289 3618 adstricta
308 3570 379 3618 sunt
398 3563 560 3633 eloquendi
579 3564 768 3617 necessitate.
799 3577 900 3630 neque
919 3563 1065 3631 antiquae
1083 3562 1159 3614 inte·
