2650 3882
572 172 759 211 nnxrnnrm
1117 159 1170 213 231

159 318 197 371 ab
208 317 335 372 Horatio
351 319 496 371 usitatum
510 323 564 383 est,
580 316 722 385 perducit
734 317 814 371 loeta
828 316 985 388 liquorem,
1005 324 1039 372 ut
1050 318 1171 373 Momm·

158 404 212 444 sen
230 390 262 443 in
281 388 394 444 Herma
413 388 580 456 adnotauit‚
604 390 635 441 in
655 390 789 443 carmine
808 389 921 458 legitur
939 389 1069 458 Orphico
1088 390 1172 460 apud

158 458 328 514 Arnobium
348 459 375 515 V
392 459 428 513 26
584 462 586 467 '

628 550 694 614 485

158 655 263 722 Scribi
286 657 319 720 in
342 656 436 720 titulo
459 655 643 721 uersuculos
666 655 740 721 uolo
765 656 905 739 quinque
929 655 1089 722 decenter.
1111 654 1116 741 1

157 762 305 829 Valerius
328 762 442 827 Auitus
465 761 527 827 hoc
550 763 663 848 scripsi
687 762 890 829 Conimbriea
912 769 1015 828 natus.
1038 758 1043 848 1

157 889 242 934 mors
265 868 371 934 subito
395 868 522 954 eripuit.

157 959 225 1040 uixi
248 982 297 1041 ter
320 975 420 1041 denos
440 973 444 1062 1
465 996 565 1041 annos
588 977 656 1041 sine
681 976 812 1041 crimine
835 978 934 1042 uitae.

133 1082 256 1147 suiuite
278 1078 413 1168 uictori,
437 1100 566 1147 moneo:
590 1102 675 1148 mors
699 1083 845 1148 omnib-us
868 1084 977 1150 instat.

230 1221 302 1278 CIL.
321 1223 351 1276 ΙΙ
369 1223 431 1289 391,
450 1223 548 1293 suppl.
568 1240 596 1292 p.
609 1223 662 1278 815
682 1238 721 1277 ex
739 1223 857 1278 schedis
959 1222 1174 1292 Conimbrigae

157 1292 374 1348 Lusitanorum
475 1295 697 1364 praescriptum
717 1295 745 1349 d.
765 1295 807 1347 M.
826 1292 944 1350 Valerio
963 1293 1054 1349 Auito
1073 1292 1173 1348 Valeri

159 1362 279 1419 Marini
295 1364 336 1447 fil·
356 1381 428 1418 aori.
439 1365 530 1418 XXX
546 1364 667 1421 Valeria
682 1364 820 1421 Fusoilia
837 1368 935 1421 mater
950 1365 992 1435 fil.
1012 1363 1173 1419 carissimo

158 1437 186 1490 et
200 1434 397 1505 pientissimo
415 1438 443 1491 et
461 1435 734 1507 opsequeretiesimo
752 1435 892 1506 plosuit).
926 1438 1007 1491 intra
1030 1437 1173 1505 circaque

159 1508 249 1576 signa
273 1509 361 1562 fuere
379 1508 569 1562 uoluminum
589 1509 786 1578 pugillarium
806 1509 931 1562 tabulae
954 1512 1069 1577 puncta
1086 1506 1172 1561 XXX

160 1579 332 1633 extollentis

230 1650 244 1702 1
266 1649 371 1704 debuit
389 1648 558 1704 uersiculos
577 1648 671 1704 scribi
684 1649 718 1704 io
731 1648 818 1704 titulo
918 1650 937 1703 4
955 1647 1104 1705 criminae
1114 1649 1174 1702 Ma·

158 1720 262 1775 nutius
282 1721 414 1775 tradidit.
442 1718 509 1774 eine
528 1719 657 1775 crimine
675 1720 775 1775 uitam
793 1721 883 1791 Verg.
903 1720 979 1774 Aen.
999 1721 1039 1775 IV
1058 1721 1111 1775 550

159 1790 367 1917 01Εὸᾅίἔὲὂὲ
378 1789 491 1860 felices,
510 1807 624 1858 moneo,
641 1808 680 1845 m.
702 1808 726 1845 o.
745 1791 766 1845 i.
786 1793 818 1844 in
836 1793 991 1861 epitaphio
1005 1792 1173 1846 Veronensi

634 1934 700 1999 486

203 2040 244 2104 D.
268 2040 311 2104 M.
332 2036 338 2127 Ι
359 2040 523 2123 Gargilius
545 2040 730 2105 Honoratae
754 2039 953 2105 Saldltanae.

158 2145 252 2230 uix[it
274 2153 324 2212 ter
347 2145 457 2230 denos]
478 2143 483 2233 1
504 2166 604 2213 annos
627 2148 696 2213 sine
720 2147 851 2212 crimine
874 2147 949 2213 ullo.

158 2253 258 2318 uiuite
280 2252 453 2337 morta[les‚
477 2272 607 2319 moneo:
630 2254 727 2339 mors]
749 2250 753 2339 1
774 2254 919 2319 omnibus
942 2252 1050 2319 instat.

158 2358 273 2426 discite
297 2359 352 2444 qui
375 2360 495 2444 legitis.

133 2485 218 2550 sego
255 2466 378 2551 [dolens
410 2466 484 2551 feei]
515 2465 519 2551 1
545 2466 718 2532 Herinnius
750 2466 897 2550 Rogatus
929 2465 1173 2551 sescuplicarius

203 2571 339 2657 ela[ssis]
355 2622 363 2638 .
378 2621 407 2638 ..
429 2570 433 2659 1
454 2573 590 2639 maritae
613 2593 706 2638 meae
730 2571 849 2657 dignae
872 2578 906 2637 et
927 2572 1071 2637 meritae.

203 2678 370 2763 Gargissia,
394 2678 489 2762 terra]
511 2676 515 2765 1
537 2679 595 2745 tibi
618 2680 699 2745 leuis
722 2680 774 2745 sit.

229 2819 352 2888 Ephem.
372 2821 469 2889 epigr.
487 2819 513 2874 V
532 2837 560 2889 p.
573 2820 627 2875 467
648 2837 676 2874 n.
696 2820 749 2874 993
769 2820 865 2875 deser.
887 2819 1078 2876 Ithchmidt
1122 2840 1125 2847 ·

158 2889 329 2946 Caesareae
347 2889 524 2945 Maurorum

229 2962 245 3015 1
259 2960 370 3017 Saldae
384 2962 520 3016 eiusdem
533 2963 713 3032 prouinciae
726 2962 846 3017 colonia
944 2963 993 3017 2s.
1013 2962 1049 3015 ct.
1059 2959 1120 3028 485,
1130 2975 1172 3014 4s.

257 3034 274 3087 6
295 3031 400 3088 Garci·
418 3033 495 3102 lapis

633 3124 698 3189 487

157 3231 220 3296 Hic
242 3231 306 3295 iarn
329 3250 413 3296 nunc
436 3229 515 3296 situs
539 3237 587 3296 est
611 3230 772 3312 quondam
795 3228 1010 3314 praestantius
1033 3229 1087 3293 ille

158 3336 330 3417 omnib(us)
354 3336 388 3400 in
411 3337 503 3402 terris
526 3335 613 3401 fama
635 3337 766 3419 uitaque
789 3336 952 3421 probatus.

157 3441 211 3508 hic
234 3442 295 3507 fuit
318 3441 360 3507 ad
384 3461 516 3527 superos
539 3442 628 3526 felix,
652 3462 715 3525 quo
738 3462 802 3506 non
825 3440 950 3506 felicior
973 3441 1054 3506 alter

157 3555 213 3612 aut
236 3548 297 3614 fuit
320 3554 376 3614 aut
398 3548 490 3631 uixit,
515 3549 651 3634 simplex
675 3549 775 3613 bonus
798 3553 894 3630 atque
918 3548 1041 3613 beatus.
