2650 3882
545 202 734 242 HEXAMETRI

610 385 673 450 321

236 575 242 589 .
335 526 455 611 poteris
479 525 698 611 [co]gnosccre
722 527 825 592 lector

135 634 300 699 itibnmtus
323 634 401 718 quii]
425 655 476 699 me
500 633 719 719 forma[ue]rat
742 640 854 698 auctor

135 742 175 808 sii
249 742 273 805 ti
447 763 468 805 n
599 740 775 827 mpcrfecta
798 740 934 806 manebo

136 848 313 914 se.i.eteni
572 849 811 932 nsubqpercgi

111 956 363 1022 ⁵..ome..sicut
379 961 448 1020 erat
475 976 507 1021 ss
533 975 617 1040 ponc
640 955 759 1040 figuras

138 1063 243 1128 ..mbo
260 1063 395 1147 sperarit
411 1060 612 1143 d(on1i)n(u')s
628 1068 660 1126 te
676 1067 782 1127 seruet
797 1062 830 1125 in
846 1081 949 1127 enum.

139 1168 260 1234 ..ridus
282 1168 443 1253 sc[rip]tor
466 1167 595 1252 scripsit
617 1168 783 1252 sculpsitq.
807 1167 927 1253 lapillo.

208 1345 309 1400 Kreus
327 1347 416 1400 inscr.
437 1346 537 1400 christ.
554 1345 648 1398 Bhen.
668 1345 703 1399 38
723 1345 763 1398 ad
782 1349 925 1414 ectypum
1025 1343 1156 1414 Mogune

137 1419 208 1472 tiaci
232 1419 263 1471 in
287 1417 388 1486 lapide
412 1433 524 1486 magno
551 1419 648 1470 fracto
674 1418 803 1485 pessimo
831 1416 934 1470 habito
958 1415 1037 1469 male
1055 1416 1153 1470 inciso

137 1489 209 1558 (per
227 1490 311 1543 utin
330 1489 487 1542 codicibus
506 1493 644 1543 notatum
665 1494 709 1542 est
724 1501 749 1554 p
770 1489 802 1540 in
820 1488 961 1541 uersibus
980 1486 997 1540 3
1015 1485 1034 1540 4
1052 1486 1080 1550 6)

209 1560 226 1612 2
244 1558 285 1614 sit
303 1558 359 1614 tibi
375 1560 540 1615 laudatos?
570 1558 705 1614 monitus
724 1559 824 1628 quiens
844 1560 1017 1613 coniecerat
1034 1557 1156 1612 Becker

244 1631 262 1685 3
278 1630 401 1701 imperf.
412 1631 538 1698 Becker,
552 1630 606 1701 qui
615 1630 754 1699 perfecto
768 1630 956 1699 probabilius
970 1629 1042 1683 dicit
1051 1628 1157 1682 Kraus

137 1703 311 1772 legentibus
410 1702 428 1755 4
446 1701 558 1771 ubique
573 1700 701 1772 percpi?
809 1701 902 1769 bpro
920 1716 967 1755 me
986 1699 1087 1754 Kraus

157 1777 244 1827 crant
263 1773 343 1828 idem
365 1789 433 1827 cum
452 1775 484 1827 at
504 1788 640 1828 conexae
660 1774 719 1827 sint
738 1773 770 1825 in
788 1771 919 1841 figuram
938 1789 960 1825 o
978 1771 1098 1825 litterae

197 1860 229 1899 ss
248 1861 304 1914 pro
324 1848 501 1899 sanctorum
521 1846 600 1913 cepit
618 1843 736 1898 Becker
853 1843 870 1896 6
889 1844 976 1897 ambo
996 1839 1159 1910 sperarim

138 1915 256 1971 Becker
357 1918 372 1972 7
395 1914 538 1985 Sifrz'dus
557 1916 633 1969 coni.
653 1915 733 1969 idem

616 2094 681 2158 322

139 2240 332 2305 Praecursor
355 2238 475 2304 domini
499 2244 621 2322 martyr
644 2238 787 2323 baptista
809 2237 957 2318 Ioannes,

139 2346 269 2430 posside
293 2352 508 2411 constructam
531 2347 565 2410 in
589 2352 718 2410 aeterno
742 2363 872 2408 munere
895 2341 1016 2424 sedern,

141 2472 236 2536 quarn
260 2451 396 2517 deuotus
419 2472 480 2535 ego
504 2472 562 2516 rex
584 2449 838 2516 Reccesuinthus
862 2455 986 2513 amator

139 2559 276 2625 nominis
299 2559 369 2643 ipse
391 2560 438 2623 tui
460 2559 590 2644 proprio
614 2558 656 2622 de
679 2558 747 2621 iure
771 2555 879 2621 dicaui

116 2667 234 2732 stertio
256 2671 331 2750 post
354 2664 513 2730 decimum
535 2664 629 2749 regni
653 2683 759 2730 comes
782 2662 921 2747 inclytus
945 2681 1028 2727 anno

141 2779 326 2839 sexcentum
351 2770 459 2838 decies
483 2792 538 2837 era
560 2771 769 2855 nonagesima
791 2790 916 2835 nouem.

212 2949 360 3004 Huebner
378 2950 467 3003 inscr.
485 2949 568 3017 Hisp.
589 2948 689 3001 christ.
710 2947 761 3000 143
780 2963 820 3002 ex
832 2945 947 3000 Morale
1047 2945 1078 2997 in
1092 2942 1159 2998 Cal·

141 3022 257 3077 laeciae
277 3021 405 3089 regione
424 3020 522 3073 Bonos
541 3021 572 3072 in
592 3020 719 3073 ecc-lesia
739 3017 768 3072 S.
787 3018 931 3072 Iohannis
951 3015 1038 3083 Bapt.

214 3107 287 3147 aera
306 3091 358 3145 699
377 3097 490 3160 aequat
503 3090 706 3145 Christianum
725 3105 839 3143 annum
858 3088 920 3154 661,
939 3088 964 3142 si
983 3091 1085 3140 tamen
1102 3083 1160 3138 699

142 3164 332 3233 significatur
349 3177 444 3216 uersu
462 3163 488 3227 6,
516 3164 548 3215 in
573 3177 633 3231 quo
657 3162 832 3215 coercentem
856 3157 954 3212 docies
972 3157 1161 3211 Huebnerus

141 3250 197 3303 pro
217 3232 316 3288 sexies
335 3236 454 3287 centum
473 3234 604 3303 positum
623 3237 718 3301 putat,
738 3247 797 3301 ego
816 3245 927 3285 uereor
942 3244 982 3283 ne
995 3227 1160 3282 emendas·

143 3306 214 3359 dum
234 3307 272 3360 sit
290 3305 376 3359 uelut
395 3305 529 3375 depetu)s
794 3322 798 3331 ’

618 3447 683 3511 323

141 3589 249 3676 pinxit
272 3597 304 3655 et
326 3596 362 3654 ut
385 3590 494 3656 decuit
517 3589 645 3654 diuerso
668 3588 763 3654 fulxit
785 3588 906 3653 honore
