2644 3884
138 172 175 227 70
407 187 410 193 ·
609 183 701 222 ramur

137 328 324 455 mrttodrotmst
344 331 412 383 uate
432 344 522 398 quem
540 329 648 384 Vibius
667 344 741 398 prae
761 344 816 383 suo
837 330 939 383 temeti
954 328 1054 383 studio
1074 332 1155 397 post-

139 418 182 471 pu
197 417 249 454 aur

618 510 680 573 119

140 634 228 699 Heus
251 640 296 717 tu,
320 635 426 699 uiator
449 635 542 717 lasse,
567 632 646 717 qu[i]
670 654 722 698 me
745 634 930 719 praetereis
958 618 961 621 “

141 761 212 806 000
236 740 291 805 diu
315 741 517 823 ambularem,
542 747 649 805 tamen
672 740 734 806 hoo
757 740 951 806 ueniundum
975 739 1116 806 esttibi.

212 916 284 971 CIL.
305 917 415 982 11431,
434 917 460 970 V
478 917 548 971 4111
651 916 826 972 Cremonae.
853 916 1008 986 praeeedit
1026 916 1069 969 M.
1088 915 1156 970 Sta·

140 987 203 1042 iios
213 989 255 1042 M.
270 990 288 1042 l.
301 988 384 1043 Cotto
401 989 455 1054 Mo,
476 990 613 1057 sequitur
625 986 660 1042 in
671 989 796 1057 firmate)
806 988 923 1056 1000100)
934 989 965 1040 X
975 986 1010 1041 in
1023 1003 1071 1056 ay.
1080 1003 1112 1054 p.
1125 987 1159 1040 X

212 1058 305 1114 9040
323 1067 358 1114 ut
377 1060 619 1128 monosyllabum
646 1076 713 1113 eum
734 1061 912 1128 insequente
935 1058 1035 1111 uocali
1059 1058 1154 1112 ooale-

140 1133 203 1185 seit.
228 1130 440 1201 perepmnatio
460 1129 596 1199 estatio,
615 1147 684 1185 cum
702 1132 832 1185 multum
851 1127 1058 1184 ambulauerr's
1077 1127 1155 1196 (diu-

141 1218 199 1273 que
219 1204 336 1257 addunt
356 1203 479 1271 quidam
498 1203 585 1270 libri),
605 1203 796 1257 redeundum
815 1205 858 1256 ost
871 1201 988 1257 Seneca
1004 1216 1076 1255 rem.
1096 1202 1156 1254 for-

141 1276 206 1328 tuit.
227 1275 282 1339 02
301 1272 421 1327 inuitus
439 1272 537 1339 uenio,
556 1272 749 1328 ueniundum
768 1276 930 1327 esttamen
948 1273 1157 1328 Narbonensis

141 1345 247 1399 titulus
267 1360 357 1413 quem
375 1347 407 1398 in
427 1346 607 1414 septenariis
625 1346 764 1411 referam,
785 1347 821 1398 ef.
842 1345 885 1411 83,
903 1360 916 1397 4

620 1523 682 1586 120

140 1647 206 1712 Eus
230 1653 264 1711 tu
288 1648 402 1730 uiator,
426 1647 501 1712 ueni
525 1647 587 1713 hoe
611 1653 643 1712 et
666 1649 814 1729 queiesee
837 1645 953 1731 pusilu.

138 1754 245 1818 innuis
267 1760 299 1818 et
321 1753 472 1837 negites?
507 1761 615 1819 tamen
639 1754 700 1819 hoo
723 1752 884 1818 redeudus
907 1754 975 1818 tibi.

211 1929 283 1985 CIL.
303 1930 346 1984 XI
363 1931 436 1984 4010
455 1931 550 1985 deser.
571 1932 724 1985 Bormann
849 1932 880 1983 in
900 1946 976 2000 agro
996 1929 1154 2000 Capenati,

138 2006 203 2054 tum
221 2001 336 2056 Romae
354 2004 386 2055 in
405 2018 510 2056 museo
530 2003 699 2072 Capitolino
822 2002 1011 2070 praecedunt
1029 2004 1154 2055 nomina

139 2073 181 2125 M
204 2070 329 2127 Vitalius
354 2074 396 2125 M.
416 2074 434 2126 l.
458 2074 641 2139 Theodorus,
669 2070 786 2126 Baebia
809 2074 935 2138 Fausto,
961 2073 1002 2125 M.
1028 2071 1154 2126 Vitelius

139 2144 180 2197 M.
201 2145 219 2196 l.
241 2144 364 2207 Qec-reor,
384 2142 466 2196 Iulia
487 2143 515 2197 C.
535 2145 553 2196 l.
572 2143 658 2213 Rufa
776 2145 906 2196 iambica
925 2145 983 2196 fuit
1003 2144 1155 2196 adelama-

139 2217 180 2268 tio
200 2216 254 2268 hoo
273 2214 391 2269 ueniet
410 2215 646 2282 stapaozotom,
671 2214 770 2268 exitus
794 2220 895 2266 autem
916 2229 983 2266 oum
1004 2215 1153 2282 principio

139 2301 248 2340 uersus
267 2286 284 2339 2
304 2290 425 2355 aptatus
446 2292 491 2339 est
509 2287 643 2339 numeris
663 2284 828 2352 dactylicis.
860 2285 897 2337 ef.
918 2284 970 2336 119

212 2358 226 2409 1
248 2356 390 2426 00101οε00
408 2357 486 2410 uidit
504 2356 604 2409 Borm.
624 2353 742 2426 quiesce
763 2356 964 2423 descripserat
984 2352 1064 2409 Sarti

158 2426 302 2483 2000000
320 2435 420 2495 nutas,
440 2427 479 2482 ad
499 2443 563 2481 rem
583 2428 692 2481 abnuis
710 2426 761 2479 uol
784 2427 887 2480 renuis
987 2426 1005 2479 i.
1025 2426 1155 2480 redeun-

140 2499 241 2554 dumst

618 2607 678 2669 121

139 2729 253 2795 Viator
276 2728 362 2812 audi,
387 2731 413 2794 si
436 2730 525 2810 libet,
550 2729 636 2795 intus
658 2728 743 2811 ueni,

139 2836 251 2901 tabula
275 2842 323 2901 est
346 2856 428 2902 aena
451 2856 534 2918 quae
557 2844 590 2901 te
614 2843 729 2901 cuneta
753 2836 915 2921 perdocet.

212 3011 324 3068 Gruter
343 3014 404 3078 897,
425 3014 458 3068 16
478 3016 517 3068 ab
537 3012 702 3083 scaligero,
721 3019 874 3067 recentem
894 3014 1014 3067 titulum
1033 3014 1154 3067 Hirsch-

140 3084 203 3139 feld
223 3085 343 3139 dixerat
362 3084 433 3139 CIL.
453 3085 511 3139 XII
530 3102 558 3154 p.
574 3085 607 3138 15
626 3086 666 3137 ad
685 3101 714 3137 n.
734 3085 776 3152 94,
797 3087 929 3139 correxit
952 3091 1054 3140 tamen
1074 3101 1156 3139 erro-

140 3171 204 3209 rem
223 3156 303 3209 idem
323 3156 392 3209 add.
412 3173 440 3226 p.
454 3157 506 3211 807
519 3174 548 3210 n.
561 3156 640 3210 5732.
659 3154 721 3209 AL.
731 3156 898 3209 Burmanni
913 3156 953 3209 IV
963 3157 1023 3224 043,
1038 3156 1154 3225 Meyeri

141 3226 211 3280 1348
301 3226 435 3297 Antipoli
454 3230 486 3281 in
504 3228 605 3297 lapide
624 3228 746 3282 adnexo
766 3228 883 3281 foribus
903 3233 957 3281 aut
976 3229 1116 3298 epistylio

212 3298 226 3349 1
247 3297 317 3351 ltoet
336 3300 486 3367 producta
505 3300 717 3353 terminatione
736 3314 820 3353 more
839 3300 938 3367 priseo
1080 3296 1154 3351 ueni

139 3369 307 3422 Panuinius
327 3377 357 3423 et
368 3368 501 3424 Solorius
521 3371 735 3424 attestantibus
750 3371 840 3424 etiam
860 3371 903 3423 eis
922 3371 974 3439 qui
993 3385 1091 3438 nuper
1110 3370 1154 3422 ui-

138 3440 258 3507 derunt,
277 3438 343 3494 aaa
362 3440 481 3495 Gruter.
511 3458 543 3496 eo
563 3440 647 3495 intus
667 3447 696 3495 et
715 3440 797 3495 intro
816 3456 885 3496 sum
903 3447 938 3495 ut
957 3441 1079 3495 soloeca
1098 3456 1152 3494 no·

139 3512 219 3566 tauit
238 3511 359 3576 Quintil.
378 3512 393 3565 I
412 3512 437 3576 5,
456 3514 492 3567 50
