2646 3884
570 197 717 238 snrvnnn
1117 185 1150 238 li

137 355 204 392 rere
224 340 334 396 Mones
358 339 456 410 diuos,
481 358 564 397 nunc
587 359 710 412 quoque
730 356 852 398 carmen
871 345 954 398 istud
973 348 1047 414 puto
1067 360 1155 414 repe·

137 413 226 465 titum
245 412 410 467 identidem

211 481 369 538 Staberiae
387 484 420 538 P.
439 485 456 539 l.
473 486 581 540 Florae
611 488 783 555 sepulcrum
815 485 1002 556 Campanum
1033 484 1105 541 CIL.
1123 486 1154 540 X

137 552 210 609 4352
223 555 300 609 haec
312 555 405 609 habet
422 556 468 610 bis
485 557 653 626 insculpta:
672 573 747 627 ropo
766 559 801 623 te,
820 555 864 611 mi
876 555 987 623 uiator,
1032 557 1097 612 noli
1109 556 1156 613 mi

137 641 252 680 nocere.
291 642 371 695 quae
390 629 447 681 nisi
466 629 575 682 iterata
594 632 710 696 essent,
737 629 889 689 abicerem
909 629 1050 682 carminis
1073 630 1155 699 cogi·

138 698 293 765 tationem,
313 703 426 752 certam
446 714 512 753 esse
530 714 570 753 ne
589 700 633 753 sic
652 699 775 768 quidem
795 699 945 754 contendo

211 768 283 824 CIL.
303 768 344 823 VI
363 768 465 823 12802:
484 785 559 839 rapo
573 786 633 839 per
651 786 788 839 superos,
808 768 863 839 qui
886 769 968 836 estis,
997 786 1067 825 ossa
1086 786 1156 826 mea

139 837 251 895 tuentis
269 841 368 894 uerba
386 842 482 895 instar
502 843 643 895 carminis

210 911 293 965 Barii
312 910 460 966 Caecilius
478 912 589 966 Felicio
610 913 648 967 de
666 913 790 966 Phoebe
810 912 942 982 coniuge
969 917 1075 981 erepta
1104 913 1156 967 do·

139 984 235 1038 iorem
254 983 298 1037 sic
316 987 445 1037 testatur
465 982 537 1038 CIL.
557 982 600 1037 IX
613 984 680 1038 292:
700 982 811 1055 iniqua
828 984 906 1052 fota,
926 999 1004 1053 quae
1016 999 1073 1037 rios
1090 986 1157 1038 tam

139 1053 198 1110 cito
215 1051 436 1108 diciuaaeernat
454 1071 516 1108 non
535 1055 657 1123 quidem
677 1062 765 1109 extra
784 1070 927 1109 numeros
940 1055 995 1108 sed
1008 1059 1043 1108 ut
1055 1056 1162 1124 ipsum'

140 1124 300 1181 Saturnios
318 1126 492 1195 percepisse
510 1141 620 1196 negem

212 1196 284 1252 CIL.
303 1196 317 1249 I
337 1197 408 1251 1064
426 1238 432 1249 .
453 1237 459 1251 .
480 1237 486 1250 .
510 1198 540 1250 Τ.
562 1193 716 1251 actioso,
735 1197 753 1250 l.
773 1197 887 1252 Aeetas
906 1194 1016 1267 coiupi,
1045 1197 1074 1250 T.
1094 1197 1158 1250 Ino-

139 1266 223 1322 scc'as
245 1268 282 1324 O.
311 1268 329 1322 l.
359 1267 527 1323 Oorumbas
550 1270 702 1336 patronae
726 1284 787 1337 pro
815 1265 950 1322 meritcis
982 1268 1059 1322 dont
1086 1265 1159 1322 ubet

140 1354 245 1394 coruom
258 1354 329 1394 ossa
342 1337 501 1409 quieseant
515 1355 554 1394 ex
568 1340 613 1393 his
624 1345 778 1409 postrema
791 1346 825 1393 ut
836 1338 1012 1395 Saturnium
1023 1346 1157 1408 aequent
1183 1374 1187 1381 ι

140 1426 215 1465 casu
234 1412 348 1464 factum
380 1426 454 1478 esse,
478 1411 550 1465 licet
577 1411 653 1465 dont
680 1426 826 1481 praesens
847 1412 993 1465 orationis
1011 1410 1159 1465 uideatur

139 1483 320 1552 exquisitae,
341 1488 495 1536 structura
513 1483 678 1536 uerborum
699 1484 812 1536 euincit

631 1591 670 1655 17

211 1711 354 1749 numeros
380 1694 539 1750 Saturnios
566 1696 709 1749 tractanti
739 1697 882 1764 quoniam
903 1695 1158 1764 proficiscendum

141 1773 187 1823 est
197 1768 236 1821 ab
249 1767 506 1836 inscriptionibus,
520 1767 690 1836 adiungere
704 1767 803 1819 uisum
817 1772 862 1820 est
877 1765 1041 1836 Paelignos
1053 1765 1159 1820 titulos

141 1838 291 1895 Saturniis
311 1846 475 1907 conceptos
493 1839 655 1906 inscriptos
673 1837 753 1890 circa
773 1837 845 1890 belli
870 1837 990 1891 socialis
1018 1843 1158 1906 tempora

140 1913 283 1966 inuentos
302 1909 434 1977 Corfinii,
454 1924 530 1978 quos
551 1924 609 1979 ego
630 1909 785 1978 explicare
809 1913 937 1962 conatus
964 1924 1030 1962 sum
1060 1909 1157 1962 musei

90 2048 94 2056 ,
138 1983 224 2036 rhen.
243 1981 278 2035 33
297 1997 325 2050 p.
336 1980 390 2034 272
409 1986 439 2034 et
457 1980 492 2034 35
511 1997 539 2050 p.
549 1979 610 2047 495,
631 1985 699 2049 post
717 1980 803 2033 multi
822 1981 1011 2049 repetierunt
1030 1984 1059 2033 et
1079 1994 1157 2032 com·

138 2053 265 2108 mentati
284 2058 363 2119 sunt,
383 2054 420 2105 cf.
439 2051 590 2105 Zvetaieff
606 2053 694 2104 inser.
714 2050 749 2104 It.
770 2050 839 2103 dial.
858 2066 887 2104 n.
903 2051 936 2104 13
955 2050 1040 2118 et14,
1061 2049 1159 2103 Thur·

139 2139 256 2194 neysen
275 2138 351 2177 mus.
370 2123 454 2177 rhen.
471 2122 507 2176 43
526 2122 625 2192 paea.
664 2138 744 2176 unus
763 2122 811 2175 hic
830 2126 889 2175 est:

140 2234 147 2250 .
207 2211 310 2249 racem
420 2236 426 2248 .
535 2235 541 2249 .
652 2233 658 2246 .
768 2235 774 2246 .
885 2233 891 2247 .

138 2210 218 2322 aster
232 2263 490 2335 pristafolacirdx
557 2263 683 2334 ¹prisma
697 2262 823 2332 peticdu
842 2262 875 2332 ip
896 2262 996 2317 uidad

138 2336 236 2393 aiddu
255 2335 373 2391 omnitu
396 2334 531 2392 Vranios
604 2352 674 2390 ecuc
693 2333 860 2403 empratois

139 2407 259 2465 elisaict
280 2450 285 2461 .
307 2408 430 2476 Gerfurn
502 2405 698 2462 sacoroeirioe
716 2406 853 2461 Sereana
871 2421 930 2459 sua

114 2482 243 2535 sectatu
260 2480 353 2549 firato
369 2477 479 2549 fertlid
546 2475 700 2547 proicime
719 2478 912 2544 Persepoaas

139 2550 236 2622 asdod
255 2592 261 2605 .
281 2549 337 2605 cite
355 2566 417 2605 uus
432 2548 584 2619 pritrome
652 2547 761 2617 pacra's
776 2563 861 2616 puros
881 2545 941 2601 ecio
1038 2550 1046 2555 ”

140 2625 206 2678 leae
225 2620 311 2692 lifar,
331 2620 408 2676 dida
426 2637 486 2675 uus
560 2618 622 2675 deti
641 2621 777 2673 honusta
795 2619 946 2673 Herentas

140 2710 230 2765 quem
242 2695 285 2747 sic
295 2696 359 2748 fere
370 2693 620 2761 interpretabarz.
631 2731 637 2744 .
650 2733 655 2745 .
668 2690 746 2759 cum]
758 2705 878 2744 annuus
889 2690 1014 2743 antistes
1024 2689 1155 2757 primum

139 2768 285 2835 impetum
303 2765 345 2818 ibi
359 2764 487 2830 uiderat,
506 2769 612 2817 uotum
631 2768 819 2831 conceptum,
837 2761 970 2816 Vraniae
987 2759 1045 2813 hoc
1063 2761 1158 2829 impe·

138 2838 213 2891 ratis
232 2837 403 2890 exsolutum
424 2842 481 2902 est3
502 2835 575 2888 deos
594 2833 834 2888 uenerabundus
852 2846 1052 2899 semonesque
1074 2836 1156 2884 aeta·

138 2915 200 2963 tem
219 2923 316 2962 messe
335 2907 427 2961 fertili
445 2907 476 2959 iu
496 2906 597 2960 sedem
617 2904 819 2974 Proserpinae
844 2903 974 2972 abdidit3
1002 2903 1043 2955 ite
1062 2918 1156 2970 porro

138 2981 170 3034 in
186 2995 300 3033 annum
319 2977 438 3048 placidi,
458 2981 492 3030 ut
505 2977 553 3030 hic
566 2976 686 3047 legibus
699 2976 772 3029 satis
785 2975 845 3042 fiat,
866 2974 917 3029 det
930 2988 1043 3027 annum
1062 2973 1154 3026 ditem

139 3051 302 3105 honustum
321 3049 433 3103 Venus.
490 3048 566 3102 alter
584 3048 689 3101 titulus
712 3046 887 3116 sepulcralis
905 3049 951 3099 est
968 3044 1055 3113 quasi
1074 3059 1158 3098 unus

140 3137 179 3176 ex
197 3121 299 3175 multis
312 3121 436 3174 breuior
450 3125 480 3173 et
492 3119 592 3172 minus
606 3133 696 3187 quam
710 3118 760 3172 ille
773 3119 907 3183 agitatus
925 3115 1156 3169 controuersiis:

133 3208 193 3264 pec
207 3208 285 3262 pros
304 3192 378 3261 ecuf
391 3189 536 3258 incubat!
587 3205 701 3243 casaur
720 3186 787 3243 oica
806 3185 914 3257 oetatei

141 3264 171 3321 0.
189 3264 291 3318 Aeaea
309 3260 402 3317 soleis
470 3263 523 3316 des
540 3260 621 3330 forte
633 3258 636 3329 i
648 3260 739 3330 faber

137 3336 170 3390 id
190 3340 287 3390 estut
306 3339 394 3404 puto:
414 3332 507 3403 pedes
516 3347 638 3456 dpaucos
657 3332 705 3384 hic
724 3331 850 3384 incubat
869 3345 964 3384 senex
982 3344 1039 3382 usa
1053 3332 1156 3382 aetate

139 3407 170 3463 O.
190 3405 336 3460 Annaeus
356 3405 496 3459 omnibus
537 3403 603 3457 ines
623 3405 766 3457 fortunae
784 3402 873 3455 faber

210 3477 337 3531 accedat
357 3475 467 3530 Oscum
487 3489 608 3528 carmen
623 3473 744 3527 Anxiae
756 3473 789 3526 in
802 3472 941 3526 aedicula
955 3486 1048 3540 supra
1062 3476 1155 3539 caput

137 3549 371 3616 adstantemque
384 3549 527 3600 iuuenem
543 3545 727 3614 insculptum
743 3543 849 3597 litteris
862 3544 983 3612 graecis
997 3539 1161 3604 (Zvetaieff

134 3636 165 3674 n.
185 3618 248 3684 232)
