2650 3882
179 179 234 235 156
620 190 759 232 nncrrnr

253 338 325 394 CIL.
344 339 373 393 X
390 338 462 393 4540
480 354 519 394 ex
539 338 657 393 schedis
797 340 855 392 fuit
874 337 998 407 Capuae
1017 339 1048 391 in
1067 337 1195 392 ecclesia

177 412 304 465 maiore.
333 412 507 465 anticumne
526 426 565 464 an
586 411 656 464 aeui
665 409 865 479 Langobardi
885 411 923 463 sit
936 415 990 464 aut
1008 410 1195 475 recentioris,

176 482 383 537 Mommsenus
410 482 536 549 dubitat,
565 481 689 535 Rossius
713 482 801 534 inscr.
825 481 924 535 christ.
943 481 1029 534 Rom.
1047 479 1076 533 II
1100 497 1128 549 p.
1142 479 1195 534 333

179 555 253 622 quia
272 555 369 607 maior
388 553 516 608 ecclesia
533 552 664 606 fundata
682 553 720 606 sit
739 567 819 606 anno
838 551 899 620 856,
925 552 1080 621 antiquius
1099 551 1195 605 fuisse

177 625 303 680 saeculo
322 641 403 679 nono
423 628 518 694 negat

146 737 149 742 .
252 697 267 749 1
285 693 382 765 fulcio
399 693 485 764 fulcri
507 695 599 748 habet
619 693 793 748 Priscianus
812 710 840 762 p.
859 694 911 748 539
928 693 964 747 H.
985 698 1015 747 at
1032 697 1117 748 tanto
1136 693 1196 746 usi·

176 768 273 821 tatius
292 773 338 822 est
354 767 474 836 [019000
493 763 660 819 honoribus
678 769 712 818 ut
731 767 849 819 nescias
868 781 908 818 an
921 765 1054 819 uoluerit
1066 765 1123 819 iste
1134 763 1195 832 ful·

175 835 256 908 pido
273 837 354 909 fecit.
391 838 506 892 Romae
523 838 555 890 in
574 836 651 891 aede
671 834 698 891 S.
719 834 864 905 Stephani
884 835 1113 890 Caelimontana
1132 851 1195 889 mu·

181 911 248 963 siuo
278 924 370 978 opere
395 923 574 978 expressum
599 908 788 977 epigramma
813 907 927 961 saeculi
954 907 1073 975 septimi
1097 906 1195 970 (Resei

178 980 252 1034 ibid.
270 980 299 1034 II
319 980 378 1046 152,
398 979 443 1044 31)
472 977 588 1047 aspicis
617 980 763 1033 auratum
790 977 910 1032 caelesti
931 975 1062 1032 00100100
1085 979 1196 1032 tectum

176 1049 391 1121 astriferumq.
410 1048 529 1105 00100000
544 1050 706 1119 praeclare
724 1048 838 1104 10001000
855 1049 972 1118 fultum
990 1047 1056 1102 nou'
1068 1048 1195 1102 dubium

176 1126 225 1177 cst
244 1123 318 1192 quin
337 1122 376 1175 ad
396 1126 579 1176 structuram
598 1121 711 1191 apsidis
730 1123 873 1191 respiciat
892 1136 928 1173 ac
945 1120 1091 1174 fulturam

656 1426 723 1489 324

177 1549 347 1616 ordinibus
369 1549 534 1635 Scythicis
557 1569 650 1615 curas
674 1549 729 1633 qui
752 1549 879 1615 sustulit
903 1568 1028 1631 aegras.

251 1726 378 1781 Henzen
397 1726 446 1781 Or.
465 1724 543 1792 5289,
564 1725 636 1781 CIL.
655 1726 700 1780 III
719 1727 771 1781 768
878 1726 980 1780 Tomis
1001 1726 1033 1778 in
1052 1726 1118 1779 basi
1137 1729 1196 1778 sta·

177 1802 252 1853 tuae
272 1799 359 1853 cuius
377 1799 510 1867 uestigia
529 1804 693 1867 supersunt
712 1799 841 1853 fortasse
856 1797 1004 1867 praesidis
1017 1797 1195 1866 prouinciae

657 1977 723 2043 325

176 2103 243 2168 Hic
265 2103 315 2169 bis
337 2103 521 2188 praefectus
544 2104 678 2188 patriae,
702 2103 886 2188 praefectus
909 2108 942 2167 et
964 2101 1050 2167 idem

178 2209 235 2275 hie
257 2208 394 2295 Libyae,
418 2209 504 2274 idem
527 2209 654 2294 Libyae
676 2210 847 2295 proconsul
872 2216 904 2275 et
928 2216 1013 2291 ante,

177 2322 229 2382 ter
251 2317 322 2382 uice
347 2317 399 2399 qui
424 2336 517 2382 sacra
540 2315 692 2381 discinxit
715 2316 820 2399 iurgia
843 2316 941 2380 iudex

180 2424 290 2489 consul
313 2429 345 2489 et
368 2429 499 2489 aeterno
523 2422 690 2488 decorauit
712 2424 839 2487 nomine
863 2423 973 2488 fastos.

151 2536 287 2595 scetere
311 2528 389 2613 quid
412 2550 582 2596 memorem
606 2536 696 2594 tanto
720 2530 779 2594 sub
802 2528 909 2594 iudice
932 2536 1035 2612 gesta,

180 2657 251 2702 cum
274 2636 444 2702 Proculum
467 2635 580 2702 uideas
603 2642 670 2701 toto
695 2635 750 2719 qui
773 2644 867 2702 natus
890 2635 1004 2701 honori
1027 2635 1099 2701 est?

251 2811 322 2867 CIL.
341 2812 382 2867 VI
402 2813 479 2867 1693.
516 2811 578 2867 AL.
597 2813 764 2867 Burmanni
782 2813 812 2866 ΙΙ
830 2813 890 2880 141,
910 2812 1025 2881 Meyeri
1043 2811 1096 2867 829
1124 2859 1133 2879 ,

178 2884 302 2938 Romae.
330 2884 420 2953 periit
543 2885 749 2954 subscriptum
767 2882 927 2954 0011091000
945 2881 1124 2937 suariorum
1137 2896 1195 2950 pa·

171 2958 267 3011 Ι10000
286 2953 544 3023 prestantissima.
582 2956 615 3020 Q.
628 2954 762 3009 Aradius
781 2955 929 3009 Proculus
947 2954 1135 3023 Populonius
1154 2953 1192 3007 de

176 3042 240 3096 quo
259 3027 332 3081 uide
350 3027 453 3081 titulos
470 3028 606 3082 urbanos
620 3027 691 3081 1690
700 3043 739 3081 ss.
755 3027 955 3095 Hennenique
972 3027 1195 3094 expositionem

178 3116 207 3168 p.
221 3098 281 3166 361,
301 3100 360 3152 fuit
378 3099 425 3152 bis
444 3100 539 3167 praef.
559 3100 628 3153 urbi
647 3114 675 3152 a.
694 3098 746 3154 337
766 3103 800 3152 et
815 3097 877 3162 351,
896 3102 1056 3166 praeterea
1075 3110 1197 3166 procos.
1307 3098 1318 3151 ,ἰ

175 3171 357 3239 prouinciae
377 3168 500 3223 Africae
519 3174 549 3224 et
573 3171 625 3238 qui
650 3185 705 3239 per
728 3169 882 3224 dioecesin
900 3166 1077 3221 Africanam
1097 3167 1193 3221 efficio

175 3241 326 3310 praefecti
349 3242 503 3310 praetorio
523 3243 769 3310 perfungeretur,
795 3241 864 3294 uice
883 3254 972 3293 sacra
990 3239 1129 3292 iudicans
1149 3252 1195 3291 se-

175 3311 426 3436 000111003οᾏᾞοαο
445 3313 476 3366 in
495 3314 615 3366 urbana
634 3313 756 3367 tertium
775 3312 807 3365 in
824 3309 971 3365 Africana
989 3311 1194 3379 praefectura,

176 3398 323 3578 pesga&
338 3453 410 3536 QIL.
425 3454 466 3509 VI
481 3455 551 3509 1692
569 3454 619 3510 ilie
639 3470 692 3525 epo
711 3470 781 3509 sum
799 3454 949 3507 Proculus
968 3454 1049 3506 icius
1068 3449 1123 3522 qui
1141 3466 1195 3504 00-

192 3540 229 3579 00
269 3540 357 3580 onom
