2634 3892
161 123 220 179 350
605 135 744 178 naerrm

163 286 318 350 innocens
343 283 397 365 qui
420 284 539 367 uix(it)‚
563 284 744 371 semper-in
767 304 849 369 paea
873 285 1027 368 quiescat.

163 392 218 458 cui
242 410 313 455 cum
336 390 386 455 bis
408 390 500 457 binos
523 395 638 455 natura
659 396 695 455 ut
719 391 883 475 conploret
906 412 1017 475 annos,

162 497 275 564 astulit
299 506 370 562 atra
393 496 463 562 dies
486 503 519 562 et
541 497 652 562 funere
676 499 786 564 mersit
809 498 937 563 acerbo.

236 674 343 728 Marini
362 679 420 728 aet.
440 675 477 728 fr,
495 672 568 727 Aru.
588 690 616 743 p.
630 673 683 728 827
783 675 815 727 in
835 677 1017 730 coemeterio
1031 675 1180 746 Cyriacae

162 745 335 800 christianis
349 745 485 800 litterisc
505 750 534 799 et
551 761 573 797 ω
593 749 623 798 et
636 745 675 811 xp
695 745 858 814 insignitus
877 746 962 815 lapis,
981 747 1100 803 litterae
1118 764 1180 804 ma·

163 817 213 871 lae
231 817 386 870 instabiles
405 815 589 886 semiplenae

237 888 252 941 l
272 888 378 941 debuit
393 884 524 955 proprio
543 884 667 940 nominc
686 891 740 940 aut
754 884 922 958 proprium
940 903 1051 943 nomen

158 959 315 1014 Bactara
333 957 391 1012 uico
410 957 454 1012 c?
544 957 563 1010 4
580 957 614 1012 V.
635 956 710 1012 Aen.
730 957 773 1011 XI
792 959 835 1026 28,
855 974 948 1027 supra
968 959 1056 1027 682⁷

636 1137 701 1201 733

161 1262 247 1347 Hleu
272 1262 399 1344 quantis
421 1259 611 1345 impedimur
634 1260 774 1326 lacrimis
794 1280 970 1327 memorare
986 1262 1177 1348 sepulerum,

162 1369 249 1454 c]um
273 1370 378 1434 subito
401 1368 494 1433 nobis
517 1388 663 1433 carorum
687 1367 782 1432 trium
805 1368 905 1453 prolis
928 1367 1080 1452 aufertur,

161 1477 292 1560 Agaton
316 1474 497 1558 [a]mabilis‚
521 1480 617 1557 teque
641 1473 777 1539 defleam
800 1475 954 1560 Yppnlite
978 1474 1091 1558 duleis,

162 1602 310 1648 necnon
333 1587 366 1645 et
388 1587 423 1645 tu
446 1579 617 1664 omni[b]us
640 1582 710 1645 istis
734 1582 838 1646 carior
860 1581 1050 1647 Petronalis.

136 1709 181 1757 so
205 1695 275 1754 atra
299 1688 368 1752 dies
392 1708 412 1752 a
435 1707 498 1770 qua
522 1688 660 1753 tumulus
683 1686 849 1772 suslclepit
870 1688 963 1754 funus
979 1708 1177 1772 germanum.

232 1864 521 1931 insinuassent
621 1864 735 1920 Romae
754 1869 838 1919 trans
857 1864 999 1918 Tiberim.
1027 1864 1177 1946 subscrip.
1292 1917 1315 1931 Ν

161 1941 226 1991 tum
245 1934 294 1990 hic
313 1933 502 2005 requiescent
521 1933 555 1989 in
570 1950 648 2003 pace
667 1935 764 2005 Apate
789 1933 948 2004 Yppnlitue
965 1937 992 1989 ct
1003 1936 1177 1991 Petronales

158 2024 231 2078 999.
249 2007 305 2076 fff.
326 2008 410 2076 (puto
430 2004 587 2061 comedoni
602 2005 661 2075 filii
680 2007 751 2075 tres)
886 2006 987 2061 flebile
1006 2012 1036 2061 ct
1055 2022 1178 2062 sacrum

161 2094 280 2148 poema,
300 2078 338 2133 de
357 2079 506 2147 principio
527 2078 565 2132 cf.
584 2077 645 2144 565,
665 2082 761 2132 metro
781 2082 886 2146 aptum
906 2092 984 2146 opus
1003 2080 1048 2132 cst

636 2220 701 2284 734
723 2234 727 2240 ·

161 2346 280 2414 Consul
304 2346 336 2411 in
360 2345 501 2431 egregiis
524 2345 574 2410 bis
597 2346 682 2410 senis
705 2343 845 2409 fascibus
869 2351 981 2408 auctus

161 2474 298 2538 magnus
321 2454 362 2519 ab
386 2454 514 2519 Insteiis
537 2472 617 2537 gens
640 2452 763 2536 inclyta
785 2452 1001 2536 Pompeianus

162 2561 236 2627 istic
259 2566 401 2625 terrenos
425 2560 559 2625 terrenis
582 2557 712 2625 sedibus
735 2565 824 2623 artus

162 2666 315 2749 reddidit,
339 2666 436 2748 inque
459 2665 546 2731 sinus
569 2666 683 2732 summi
705 2662 861 2748 genitoris
884 2670 1029 2748 apertum

137 2773 295 2840 raethera
318 2772 514 2857 peruolitans
536 2771 660 2837 leuibus
683 2790 718 2836 se
741 2770 870 2836 sustulit
893 2770 963 2853 alis,

164 2880 287 2964 eaeloq.
312 2887 344 2945 et
368 2881 460 2945 terris
482 2878 613 2964 placida
635 2880 682 2944 sic
705 2898 786 2963 paee
809 2883 955 2962 repostus

163 2988 241 3054 felix
265 2988 336 3053 luce
359 3007 444 3052 noua
466 2985 645 3052 saeclorum
667 2984 701 3048 in
724 2984 854 3050 saecula
876 2984 1007 3068 gaudet.

163 3095 301 3160 femineo
325 3094 383 3160 sed
404 3092 495 3159 uicta
517 3093 624 3158 animo
648 3097 681 3157 et
702 3090 884 3157 miserabile
908 3089 995 3157 dulci

164 3221 317 3285 germano
341 3199 467 3266 diuulsa
489 3198 602 3264 dolens
625 3198 788 3280 fratremq.
813 3196 978 3280 requirens

128 3331 156 3373 10
165 3306 268 3372 Paula
290 3327 379 3372 soror
401 3305 557 3370 tumulum
580 3304 671 3370 dedit
693 3310 726 3369 et
748 3303 871 3370 solacia
893 3302 1003 3386 magni

163 3433 265 3498 parua
288 3413 361 3478 tulit
383 3413 497 3496 luctus,
521 3412 638 3494 tristiq.
663 3411 725 3475 heu
747 3415 879 3496 pectore
903 3409 1002 3475 ‘salue

164 3526 385 3604 perpetuumq.
409 3519 483 3585 nale
505 3519 605 3584 frater
629 3515 802 3584 carissime’
826 3516 920 3582 dixit.
