2648 3886
166 168 221 223 244
605 180 744 222 ocurrer

240 327 311 383 CIL.
330 327 374 381 XI
393 327 463 382 1767
483 342 522 381 cx
542 326 672 396 epistula
690 328 763 381 anni
783 326 853 381 1792
994 325 1078 394 apud
1095 324 1184 380 Vada

168 398 377 454 Volaterrana.
408 400 630 468 praescriptum
648 398 683 451 A.
704 396 849 453 Caecinae
865 398 869 463 Ι
885 397 919 451 Α.
936 397 963 467 f.
981 394 1148 465 Superstiii

241 470 387 539 ‘expressi
406 470 504 538 qualis
523 468 662 524 traditur'
682 468 882 523 Bormannus.
910 469 1023 537 primos
1043 468 1184 523 hexame-

168 545 232 596 tros
258 542 381 610 expleui
405 540 536 610 exempli
559 556 661 595 causa.
700 555 776 608 quos
802 541 923 609 excepit
947 541 1097 594 sententia
1115 539 1183 593 talis

168 611 262 667 artois
280 609 396 682 uiginti
409 610 551 680 primum
569 627 638 666 cura
656 610 738 665 uidit
756 612 908 678 honorem,
936 610 1006 678 faia
1028 611 1110 664 lianc
1128 607 1184 663 eri·

163 698 261 752 puere
280 682 347 738 suia
366 682 431 752 (aut
450 681 534 747 obiit)
553 681 588 737 iu
605 683 680 752 flore
698 681 850 737 iuuentae.
880 683 965 737 initio
985 681 1042 736 ui
1055 680 1119 735 Leo
1133 680 1184 734 ad·

168 755 288 825 scripsit
304 753 430 825 plangit

643 863 707 927 511

167 987 320 1054 Columen
342 1007 465 1052 morum
488 1006 529 1052 ac
551 987 682 1071 pietatis

166 1093 332 1159 Laudibus
356 1113 396 1159 ac
419 1092 520 1159 titulis
543 1099 674 1158 ornatus
696 1092 779 1157 uixit
801 1092 944 1158 honeste.

167 1200 322 1267 Omnibus
344 1200 398 1266 hic
422 1220 515 1267 carus
538 1200 653 1266 fuerat.
689 1199 827 1265 feliciter
851 1218 951 1265 annos

165 1307 194 1373 L
217 1308 321 1374 minus
343 1328 406 1373 uno
430 1306 540 1391 gessit,
564 1305 671 1373 studio
694 1312 745 1372 set

141 1415 250 1480 sVsus
274 1414 424 1480 onoribus
447 1412 567 1479 ordinis
590 1418 640 1478 est
663 1411 769 1496 adque
792 1414 896 1478 uirum
918 1413 978 1497 uir,

165 1520 325 1604 Egregius
347 1519 474 1602 flamen,
498 1519 625 1604 patriae
647 1520 721 1605 pius
744 1518 983 1602 admoderator,

164 1626 291 1710 Largus
313 1627 496 1692 munidator
519 1625 560 1692 ed
583 1633 671 1691 sator
694 1625 727 1691 in
750 1633 846 1710 gente
870 1646 1007 1710 suorum,

164 1733 285 1799 Lenaei
308 1732 411 1819 patris
434 1734 538 1799 cultor
561 1734 671 1816 felixq.
696 1733 847 1799 sacerdos

164 1839 301 1905 Addidit
323 1840 377 1906 hio
401 1840 499 1906 decus
522 1860 562 1906 ac
584 1860 699 1905 nomen
722 1860 799 1907 suae
823 1839 978 1906 Claudiae
1000 1842 1100 1925 genti.

129 2008 156 2047 ιο
165 1981 316 2068 inspicies
338 1983 440 2049 lector
462 1982 637 2068 primordia
660 1983 898 2049 uersiculorum.

235 2160 346 2214 Renter
364 2162 453 2214 inser.
471 2158 540 2229 Alg.
559 2159 638 2227 2928,
658 2160 729 2214 inde
749 2159 821 2215 CIL.
839 2159 911 2215 VIII
928 2160 999 2215 4681
1119 2160 1182 2214 Ma·

165 2232 277 2295 damis,
291 2230 414 2285 uidetur
428 2232 555 2300 periisse
656 2232 832 2286 acrostichis
845 2236 890 2286 est
902 2231 1048 2297 Cioldius)
1062 2232 1179 2299 Lucilla

164 2306 247 2357 totus
266 2306 368 2356 autem
386 2302 492 2356 titulus
512 2303 555 2356 sic
578 2303 721 2372 scriptus:
750 2302 779 2357 d.
799 2303 841 2355 M.
861 2318 884 2357 s.
902 2303 907 2369 Ι
927 2304 956 2357 Τ.
978 2301 1105 2358 Clodius
1122 2303 1179 2357 Lo·

164 2374 245 2426 caelia
262 2374 266 2439 Ι
283 2373 348 2427 aad.
368 2373 403 2426 ΙΙ
422 2370 474 2426 uir
497 2374 661 2443 q(uaesior)
682 2373 818 2444 mamea)
834 2374 1048 2443 pler)p(ciuus)
1071 2377 1179 2438 sac(cr·
1281 2438 1285 2444 ²

165 2444 231 2508 dos)
247 2444 252 2509 Ι
268 2442 374 2497 Liberi
394 2443 499 2513 patris
521 2443 624 2512 uliaii)
644 2461 671 2498 a.
691 2446 862 2511 XLVIHIl
878 2443 927 2500 bic
948 2444 1027 2500 situs
1046 2447 1096 2501 eei.
1113 2446 1119 2512 Ι
1134 2460 1179 2499 eo·

164 2515 235 2569 ium.
255 2530 352 2569 maru.
372 2531 408 2568 aa
423 2514 476 2585 pie
493 2515 497 2581 Ι
513 2515 596 2570 laud.
617 2531 653 2570 ac
671 2514 770 2570 titulis
789 2514 926 2585 oriaaius
944 2533 974 2570 u.
994 2517 1063 2571 bort.
1083 2514 1179 2570 omui-
1313 2556 1314 2567 .

164 2583 229 2655 busa
249 2584 297 2639 bic
316 2601 408 2640 carue
425 2586 531 2655 fuerat
551 2587 556 2653 Ι
577 2585 656 2655 felic.
677 2604 704 2640 a.
724 2588 752 2640 L
769 2586 874 2641 mitius
892 2603 954 2642 eruo
975 2590 979 2655 Ι
1001 2586 1096 2656 pessit
1118 2589 1179 2641 oiu-

164 2654 262 2711 dioset
277 2657 281 2723 Ι
297 2671 374 2711 usus
394 2673 440 2711 ou.
459 2655 580 2712 ordinis
593 2659 636 2711 esi
652 2658 656 2724 Ι
673 2659 773 2728 adque
786 2657 860 2712 uiru
872 2675 902 2712 u.
916 2675 978 2729 cyr.
989 2659 1020 2728 fl·
1037 2661 1041 2726 Ι
1053 2656 1179 2728 patriae

159 2742 192 2796 p.
213 2727 327 2781 admod
343 2729 347 2795 Ι
363 2729 471 2798 largus
488 2727 668 2782 murridator
684 2731 688 2793 Ι
704 2730 742 2783 ed
758 2731 843 2783 sator
860 2727 923 2800 iay.
936 2744 992 2783 suo
1003 2768 1027 2783 ..
1044 2732 1048 2796 Ι
1064 2728 1179 2784 Lenaei

160 2799 226 2867 pat.
246 2800 344 2852 cultor
364 2801 368 2866 Ι
386 2799 439 2868 fei.
459 2814 519 2853 sac.
540 2797 665 2853 addidit
682 2798 731 2853 liic
751 2800 756 2865 l
778 2800 870 2854 decus
889 2816 925 2855 ac
949 2816 1059 2854 uomere
1078 2815 1152 2854 suae
1172 2797 1176 2869 l

166 2869 313 2924 Claudiae
335 2869 427 2940 penti.
464 2868 619 2939 iaspiclies
643 2871 693 2924 lec.
713 2868 893 2939 primordia
917 2872 922 2938 Ι
946 2870 1178 2926 uersiculorum.

163 2943 295 2995 tractaui
306 2942 426 2995 titulum
436 2943 613 3010 primusque
623 2942 853 2996 acrostichidem
868 2943 1021 3011 explicaui
1034 2944 1066 2995 in
1075 2942 1179 2996 Fleck-

165 3013 259 3066 eiseni
279 3011 381 3065 annali
400 3027 428 3065 a.
440 3012 511 3066 1858
525 3012 631 3081 pios.
659 3013 786 3067 Loueiia
801 3014 909 3066 Iaieiia
927 3018 962 3066 ut
976 3028 1076 3081 pouer
1088 3027 1177 3082 puer,

163 3084 305 3151 piouebat
313 3084 440 3151 pluebat
453 3084 490 3136 al.
520 3084 591 3138 item
604 3083 732 3138 Clodius
746 3088 776 3138 et
788 3085 805 3137 9
817 3083 967 3139 Claudiae
979 3082 1064 3154 penti
1076 3083 1178 3148 (schol.

164 3154 230 3208 qu.
242 3154 266 3220 6,
277 3153 349 3218 345).
374 3160 487 3209 temere
497 3155 645 3225 Loqueila
655 3156 766 3209 mutari
777 3156 809 3209 in
822 3156 1016 3225 praescriptis
1027 3161 1057 3210 et
1066 3156 1127 3225 legi
1138 3169 1178 3209 ex

164 3225 364 3280 acrostichide
382 3226 481 3280 uoluit
497 3225 595 3280 editor
606 3224 678 3281 CIL.
761 3227 859 3280 ilica.
872 3231 973 3296 potest
985 3227 1076 3281 etiam
1089 3227 1179 3281 boua-

163 3311 235 3349 rura
247 3296 309 3364 legi
380 3296 399 3349 4
411 3298 430 3350 i.
441 3294 669 3367 quinquaqinta
679 3303 819 3367 correpta
829 3299 942 3351 ultima.
956 3299 988 3351 in
1001 3298 1086 3352 exitu
1095 3311 1179 3351 nunc

164 3363 267 3420 studio
278 3367 447 3437 suscripsi,
459 3368 527 3421 olim
538 3367 694 3432 studiosie)
705 3370 745 3423 et:
756 3369 810 3423 sed
819 3369 930 3424 multos
942 3370 1037 3439 gessit
1046 3369 1179 3423 honores

163 3436 301 3505 publicos
406 3438 424 3493 5
443 3437 589 3493 occutus
607 3445 669 3493 tem
688 3445 814 3509 propter
832 3445 961 3494 metrum
984 3454 1075 3508 quam
1095 3439 1179 3508 quod

162 3521 249 3587 usus·
258 3508 387 3562 uerbum
408 3509 561 3577 adhaeret,
585 3510 777 3580 probandum
801 3512 900 3581 magis
924 3525 1015 3579 quam
1035 3509 1179 3565 oneribus

214 3593 320 3634 uirum
333 3576 386 3632 uir
397 3585 433 3634 ut
446 3582 498 3650 qui
512 3581 674 3636 duouirum
687 3582 779 3637 fuerit
793 3582 931 3637 coloniae
1009 3582 1026 3636 6
1045 3584 1089 3636 sic
1107 3581 1179 3637 olim
