2646 3884
570 160 698 202 seusun
1121 152 1159 208 47

140 325 211 365 rum
240 305 336 380 quieti
363 312 394 362 et
419 305 540 378 quiesco
564 312 595 362 et
620 323 700 377 quae
725 309 757 362 in
781 309 877 364 titulis
899 309 1158 379 post'Antoninos

141 383 232 437 factis
250 381 485 449 frequentantur
499 378 611 441 Quoius
626 378 718 441 cotta
730 395 905 450 requiscere
917 379 1074 452 inquitore
1093 386 1157 438 sim.

241 452 259 506 5
281 451 467 505 indicatiuus
492 466 547 519 pro
573 451 764 519 imperatiuo,
792 456 828 505 ut
854 453 887 506 in
912 453 998 507 titulo
1024 455 1158 523 quodam

141 520 278 578 uiatores
295 519 423 588 boueiis,
443 523 480 575 cf.
493 522 529 575 76
542 526 571 576 et
585 521 628 589 77,
638 536 659 575 a.
688 536 779 590 quam
793 523 1003 578 confusionem
1016 528 1158 596 progeni·

142 599 205 649 tam
227 609 243 648 s
262 593 361 647 finalis
373 598 434 646 tam
455 592 546 646 debili
565 608 640 647 sono
659 597 694 647 ut
713 593 818 647 addita
837 609 873 647 ac
887 594 1010 664 dempta
1028 598 1157 666 perinde

140 664 315 731 haberetur,
329 718 332 723 .
344 664 463 717 adiuuit
488 665 546 718 hoc
573 664 656 732 quod
680 665 798 719 formae
820 665 908 719 uerbi
927 667 1007 720 aliae
1025 673 1158 738 utroque

141 736 233 791 modo
247 735 491 789 terminabantur
502 735 583 789 idem
597 735 804 804 significantes
817 742 852 789 ut
865 736 1006 806 sequeris
1019 752 1157 807 sequare.

140 813 207 862 tum
226 807 362 876 genetiui
381 807 571 860 iterationem
587 808 715 876 scriptor
728 808 830 861 nitens
842 807 948 861 incidit
967 810 998 861 in
1017 811 1156 864 soloecis-

140 894 234 945 mum,
260 878 436 931 mementote
463 879 642 932 conueniret
669 879 855 941 accusatius,
884 879 980 933 simile
1011 880 1157 948 quiddam

140 950 248 1003 subest
265 950 373 1018 priscis
395 948 452 1002 illis
476 946 553 1017 quid
577 945 633 1003 tibi
654 950 734 1004 horto
752 946 843 1004 tactio
862 952 913 1017 esi,
938 950 1063 1005 similius
1081 952 1159 1018 53,s

140 1022 198 1075 hoc
215 1017 315 1075 uoluit
332 1016 454 1073 nescius
472 1034 510 1073 oe
529 1034 609 1073 esses

628 1145 668 1209 91

141 1255 206 1334 Qui
229 1274 311 1337 cum,
335 1253 410 1318 dum
429 1253 564 1318 baberet
585 1254 726 1319 clausam
749 1253 784 1318 in
807 1255 939 1320 castello
963 1253 1158 1338 anilmullam

141 1362 320 1442 mortalem,
344 1359 386 1426 ad
410 1380 543 1444 superos
565 1360 688 1426 licitum
706 1368 770 1444 est,
795 1361 947 1446 [ilinitam
971 1361 1014 1428 ad
1039 1361 1123 1426 diem

143 1468 264 1555 p[a]rce
287 1467 474 1553 pudensque
497 1468 580 1532 uixit
603 1469 689 1533 omni
712 1474 866 1554 tempore,

142 1578 311 1642 Auruncus
335 1575 439 1659 eralt]‚
463 1575 603 1660 Fu[s]ius
626 1582 696 1641 erat
719 1577 845 1641 nomine

117 1684 296 1766 emagister
318 1680 386 1746 ludi
409 1682 545 1747 litterari
568 1682 761 1764 PhilocaluS,

143 1811 266 1857 summa
289 1809 385 1872 quom
409 1788 558 1854 castitate
581 1788 615 1853 in
638 1788 813 1873 discipulos
836 1810 919 1872 suos,

142 1897 292 1979 idemque
315 1902 508 1961 testamenta
531 1894 659 1980 scripsit
682 1915 755 1961 eum
777 1895 851 1979 fide,

142 2023 204 2071 nec
228 2003 398 2086 quoiquam
423 2002 647 2087 [pcr]negauit,
671 2001 766 2068 laesit
786 2003 955 2068 neminem.

143 2110 191 2177 ita
214 2109 421 2194 [de]cucurrit
443 2109 543 2174 uitam
566 2108 648 2174 fidus
671 2109 740 2175 sine
762 2115 860 2175 metu.

102 2246 131 2285 ιο
145 2218 213 2283 eius
236 2235 309 2282 ossa
332 2235 416 2281 nune
439 2215 493 2280 hic
515 2214 579 2281 sita
601 2222 674 2280 sunt
696 2215 804 2301 posita
827 2237 847 2281 a
870 2214 1044 2299 cen[t]uris.

215 2357 288 2414 CIL.
307 2357 335 2411 X
353 2357 424 2411 3969
442 2357 519 2410 uidit
529 2356 704 2422 Mommsen,
722 2357 830 2410 Nissen
849 2358 881 2409 in
899 2356 1012 2410 Herme
1030 2357 1044 2410 I
1063 2373 1091 2426 p.
1107 2357 1159 2411 148

260 2428 416 2498 Neapolim
442 2427 548 2496 Capua
574 2428 697 2481 uidetur
719 2428 884 2481 translatus
911 2428 997 2494 lapis,
1026 2428 1159 2482 euanido

143 2502 303 2570 scriptura.
331 2505 453 2569 praeter
473 2513 595 2553 carmen
614 2499 687 2552 nibil
708 2500 895 2567 inscriptum,
915 2498 1058 2568 insculpti
1077 2500 1158 2552 inira

144 2587 240 2627 senex
262 2573 294 2625 in
317 2571 390 2625 sella
414 2570 522 2624 sedens
542 2569 743 2639 discipulique
768 2584 844 2638 puer
864 2575 894 2622 et
913 2569 1023 2638 puella.
1061 2574 1159 2623 extre-

142 2644 200 2697 mis
223 2643 371 2697 libertatis
395 2657 540 2695 rcmanae
565 2641 752 2709 temporibus
770 2640 915 2694 Nissenus
937 2641 1057 2694 titulum
1078 2640 1158 2694 adsi·

143 2718 264 2784 gnarat,
285 2715 334 2766 cui
353 2712 521 2767 sententiae
540 2714 607 2765 iure
626 2711 744 2765 diffisus
762 2710 965 2766 Mommsenus
984 2712 1073 2781 primi
1091 2727 1158 2766 uer-

143 2801 196 2840 sus
214 2786 311 2839 uerba
330 2785 417 2853 paria
435 2782 583 2836 Hadriani
602 2783 660 2836 illis
679 2781 819 2836 animula
842 2783 951 2852 hospes
969 2781 1108 2848 corporis
1128 2787 1158 2836 et

142 2871 255 2911 nomen
273 2855 453 2909 Auruncum
473 2870 511 2908 ex
531 2853 709 2908 scholastica
727 2855 898 2909 eruditione
918 2857 1095 2908 arcessitum
1114 2855 1157 2907 iu·

143 2927 266 2981 dicauit.
296 2931 377 2981 certe
395 2932 457 2979 tam
476 2926 699 2979 tenebricosum
723 2926 779 2979 hoc
799 2931 843 2979 est
863 2931 897 2978 ut
915 2925 965 2978 uel
977 2924 1076 2978 Lucili
1096 2940 1158 2977 mu·

143 2999 273 3067 nicipem
293 2999 390 3067 possis
411 2998 547 3067 cogitare
565 2997 616 3050 uel
627 2995 815 3065 Campanum
834 2996 935 3049 aliaue
955 2995 1157 3065 parteltaliae

142 3076 257 3123 natum.
295 3084 387 3138 quom
412 3069 503 3122 scribi
529 3068 714 3137 praepositio
740 3083 801 3120 non
825 3067 922 3120 desita
948 3071 1014 3120 erat
1033 3065 1157 3120 Terenti

143 3138 250 3196 Scauri
270 3145 301 3194 et
314 3140 475 3193 Frontonis
494 3145 603 3205 aetate,
622 3138 702 3191 illam
722 3140 822 3192 statim
842 3138 956 3206 excipit
974 3152 1003 3190 u.
1023 3138 1039 3192 i
1059 3140 1157 3190 forma

143 3211 288 3280 uolgaris.
317 3211 498 3265 abhorrete
517 3216 623 3264 uetere
642 3224 782 3262 sermone
801 3225 830 3262 ιι.
849 3208 867 3262 5
891 3206 1023 3263 litterari
1042 3209 1157 3277 geneti-

142 3296 203 3336 uus
231 3283 375 3336 adiectiui
402 3282 526 3335 breuior
554 3280 714 3334 addendus
742 3281 930 3348 paucissimis
959 3295 1039 3348 quae
1062 3277 1159 3332 Lach-

143 3368 274 3407 mannus
287 3352 378 3406 Lucr.
390 3369 419 3422 p.
432 3352 483 3406 327
504 3352 627 3421 collegit
646 3352 800 3420 exemplis,
820 3365 891 3403 nam
909 3351 988 3404 tituli
1007 3351 1058 3403 alii
1077 3365 1157 3418 quae

144 3424 257 3478 habent
280 3425 415 3478 similiter
440 3425 552 3492 scripte
575 3428 610 3476 ut
628 3421 811 3490 Ancyranus
829 3420 962 3490 Augusti
985 3419 1058 3474 ouri
1076 3436 1157 3475 coro·

143 3493 225 3562 nori,
244 3495 313 3550 ideo
334 3495 522 3564 aliquantum
542 3510 560 3547 a
580 3495 710 3546 metricis
730 3492 843 3547 distant
862 3493 944 3560 quod
969 3508 1031 3545 non
1050 3491 1157 3545 eadem

143 3566 289 3620 adstricta
309 3571 379 3620 sunt
398 3565 560 3635 eloquendi
579 3565 768 3618 necessitate.
800 3578 900 3632 neque
919 3564 1065 3631 antiquae
1083 3563 1160 3616 inte-
