2646 3884
580 148 708 188 annnam

113 315 214 360 snam
238 293 333 379 quod]
358 295 506 381 concepit
529 295 683 360 leibemm
707 314 814 360 semen
838 295 968 380 duplex,

139 421 234 484 quom
259 402 357 486 recte]
381 398 509 487 pareret
532 409 667 488 patrono
691 402 861 467 auxsilium
885 422 924 467 ac
948 401 1056 486 decus,

139 516 307 594 expertam
329 508 441 592 mullta
463 507 631 575 commoda
654 515 751 591 atquc
775 508 977 573 incommoda

140 614 289 699 erudelis]
313 636 398 681 mors
421 616 538 701 eripuit
561 616 646 681 sucis
668 615 862 701 parentibus.

139 742 227 788 m
247 722 297 787 illi
317 721 454 806 alumnia
475 722 511 787 in
531 722 619 787 luctu
642 742 682 787 ac
706 720 920 787 sollicitudine

104 849 218 917 loprae
241 828 411 913 desidelrio
435 834 553 913 gnatae
576 827 670 895 fletus
693 829 728 894 in
750 828 823 895 dies

141 935 250 1019 edunt,
274 937 355 1002 sibei
378 956 448 1002 esse
472 936 568 1001 talem
592 943 736 1020 ereptam
758 935 865 1002 filiam.

141 1042 246 1127 ‘pater
268 1042 331 1107 mei
355 1049 388 1107 et
410 1043 559 1126 genetrix
582 1063 746 1126 germana,
771 1063 826 1108 oro
850 1049 946 1125 atque
969 1042 1126 1126 o[bsecro,

141 1149 278 1215 desinite
301 1149 398 1231 luctu,
423 1157 535 1231 questu
559 1149 717 1214 lacrumas
743 1148 886 1214 fundere.

142 1257 189 1322 sei
212 1258 246 1320 in
267 1256 336 1321 uita
359 1254 499 1322 iucunda
523 1254 586 1338 [ac]
610 1255 787 1339 uoluptatei
810 1255 875 1320 fuci

105 1387 133 1429 15
142 1362 263 1446 uobeis,
287 1364 356 1427 uiro
380 1369 477 1444 atque
500 1362 651 1428 ameiceis
674 1362 839 1445 noteisque
863 1363 1020 1447 omnibus,

142 1490 225 1534 nunc
249 1469 399 1552 quoniam
421 1468 522 1533 fatum
545 1488 579 1533 se
603 1470 649 1533 ita
673 1469 755 1552 tolit,
780 1468 886 1534 animo
910 1470 995 1554 uallo

142 1596 245 1658 aequo
268 1595 326 1641 uos
348 1575 431 1640 ferre
455 1573 692 1658 concordesque
715 1574 845 1641 uiuere!

143 1702 224 1765 quas
246 1683 287 1747 ob
311 1701 362 1748 res
385 1681 448 1747 hoc
470 1689 705 1747 monumentum
729 1682 914 1749 aedificauit
938 1683 1043 1768 [pater

143 1809 221 1856 suae
244 1796 373 1872 gnatae,
397 1788 550 1870 sibeiquc,
575 1789 665 1852 uxori
688 1787 773 1854 hanc
796 1790 959 1855 constituit
983 1789 1123 1874 [domum

107 1903 318 1978 coaeternam,
342 1895 416 1962 ubei
440 1914 549 1960 omnes
571 1896 692 1980 pariter
714 1915 828 1961 aeuom
851 1894 1029 1980 degere[nt.

219 2072 291 2128 CIL.
319 2073 333 2126 I
362 2073 440 2126 1008.
469 2069 530 2125 AL.
553 2070 720 2125 Burmanni
748 2071 788 2126 IV
810 2073 878 2138 234,
910 2072 1025 2142 Meyeri
1053 2072 1122 2127 1341

317 2143 432 2198 Romae
460 2143 530 2197 olim
557 2144 692 2197 extabat.
728 2145 760 2197 in
787 2145 908 2198 sinistra
934 2153 1021 2214 parte
1048 2158 1158 2198 uersus

147 2217 264 2286 priores
284 2215 387 2269 decem
416 2214 575 2283 complexa
603 2214 669 2268 fere
697 2221 825 2269 octonae
850 2220 904 2270 aut
923 2215 1021 2270 denae
1039 2214 1159 2270 litterae

147 2287 303 2358 principiis
329 2301 475 2340 uersuum
501 2285 633 2352 nucleae,
663 2287 694 2338 in
723 2286 832 2340 dextra
859 2288 994 2355 quinque
1012 2301 1158 2340 uersuum

148 2358 320 2412 detruncati
344 2359 452 2411 exitus.
490 2357 700 2425 supplementa
728 2371 796 2410 cum
824 2359 933 2427 partim
957 2361 1064 2426 sponte
1092 2373 1159 2425 pro·

146 2430 275 2484 ueniant
293 2443 332 2482 ex
350 2427 491 2491 narratis,
518 2427 628 2497 partim
652 2429 776 2481 arbitrio
801 2429 949 2496 cuiusque
973 2428 1088 2497 possint
1106 2443 1159 2481 ua·

147 2500 234 2566 riari,
263 2499 294 2552 in
320 2498 502 2568 Hauptianis
529 2497 602 2567 quid
632 2500 814 2552 mutaucrim
843 2514 906 2552 non
936 2499 1071 2552 indicaui
1100 2500 1158 2552 nisi

150 2572 203 2625 ubi
230 2571 322 2623 alium
345 2569 433 2625 intuli
461 2584 591 2624 sensum.
628 2570 726 2623 eidem
755 2585 877 2624 carmen
905 2570 963 2624 hoc
988 2571 1081 2624 aetati
1109 2572 1160 2623 tri·

147 2644 210 2697 buo
231 2642 280 2695 cui
298 2641 333 2696 55

222 2713 375 2781 iocpalta
393 2711 553 2781 Hauptius.
590 2727 701 2766 nomen
729 2711 849 2781 puellae
875 2712 918 2765 ibi
941 2712 999 2765 tuit
1024 2716 1076 2765 aut
1098 2712 1159 2767 tale

149 2781 303 2851 Proculia,
326 2781 470 2852 Terpulia
489 2787 542 2836 aut
562 2783 651 2852 quale
674 2782 862 2852 probabilius
880 2782 1004 2837 uidetur
1023 2783 1160 2836 Marulla

186 2856 311 2909 2Prote
327 2854 479 2924 Hauptius
498 2853 576 2908 male
593 2855 768 2908 oblitterato
788 2854 882 2924 patris
900 2855 1023 2908 nomine
1043 2870 1079 2908 eo
1099 2869 1159 2921 quo

149 2943 213 2982 uno
233 2927 364 2980 maxime
383 2930 502 2995 poterat
522 2926 666 2994 cognosci
801 2926 818 2979 6
837 2940 929 2995 quom
947 2923 1011 2978 iam
1028 2926 1159 2992 patrono

146 2999 273 3069 pareret
294 2997 455 3066 Hauptius.
484 3011 558 3050 sanc
583 2995 707 3051 Terenti
737 3000 802 3051 arte
830 2999 874 3050 sic
902 2996 1056 3064 digniores
1084 2996 1162 3049 fiunt

151 3070 278 3136 numeri,
307 3073 339 3122 at
360 3069 543 3137 posteriores
563 3069 654 3121 etiam
676 3068 708 3120 in
732 3068 878 3121 scaenicis
897 3066 1038 3120 uersibus
1058 3066 1160 3135 dacty-

150 3142 224 3195 licos
243 3140 351 3193 imitati
379 3142 524 3208 sequente
552 3144 636 3191 muta
655 3153 723 3191 cum
742 3137 857 3206 liquida
876 3137 1008 3206 syllabas
1026 3137 1161 3207 porrige·

150 3214 233 3277 bant,
254 3215 283 3264 et
296 3210 430 3264 Lucilius
442 3209 602 3277 Varroque
622 3208 704 3278 quod
722 3209 813 3263 licere
832 3209 889 3262 sibi
909 3207 1109 3274 confidebant,
1129 3209 1160 3262 id

151 3283 333 3353 lapidariam
352 3286 474 3350 poetam
492 3295 554 3333 non
574 3280 709 3334 dedecet,
735 3280 773 3334 de
790 3280 848 3332 illis
868 3278 992 3348 syllabis
1012 3293 1091 3348 quae
1110 3280 1161 3333 ad-

151 3353 319 3410 sumendae
338 3356 410 3406 sunt
428 3356 549 3421 practer
568 3367 660 3422 quom
678 3352 752 3404 nihil
771 3351 911 3418 decerno,
930 3350 1060 3404 lacunae
1072 3353 1162 3405 ratio-

151 3427 243 3481 nibus
262 3440 354 3493 qaom
373 3425 509 3491 optatam
528 3424 629 3491 potius
649 3437 739 3491 quam
759 3437 809 3475 cos
827 3437 920 3491 quom
938 3422 1161 3475 accommodari

150 3498 291 3552 existimo
426 3493 604 3563 istaturam
632 3494 674 3547 ad
697 3495 805 3548 wacta
832 3492 984 3562 Hauptius
1010 3493 1162 3561 prioribus

151 3569 325 3636 adiungens
462 3564 496 3619 14
523 3564 661 3620 iactanda
680 3563 784 3619 uobeis
802 3560 971 3631 uoluptatei
989 3563 1074 3631 lapis,
1094 3580 1162 3633 pro-
