2644 3884
166 153 221 207 112
597 169 758 209 rnocnnm

167 314 281 367 firmari
299 318 375 383 puto
394 319 542 383 sequente
560 313 693 369 hostium
711 316 833 370 nomine
932 315 1020 386 felici
1039 319 1136 388 prima
1157 323 1193 372 ct

169 389 322 455 postrema
341 386 489 439 intentum
509 402 574 440 mos
593 387 652 442 fert
670 390 705 439 ut
723 402 786 440 una
804 402 869 440 uox
889 395 1036 457 sequatur
1055 390 1192 459 polysyl-

167 456 238 510 laba
258 455 434 525 (cupidine),
454 472 516 510 non
536 457 617 511 duae
635 460 722 521 (curo
742 458 840 524 deum,
860 474 954 513 cursu
972 461 1086 526 reduco)

202 525 309 596 4fur't,
334 530 359 581 si
382 529 639 583 hemistichiorum
662 528 786 582 modum
810 530 1026 598 quadratarius
1051 531 1192 599 retinuit,

170 599 413 668 monosyllabum
433 605 479 653 est

646 743 712 807 236

324 933 331 949 .
394 883 529 969 son[0re‚
551 880 555 970 Ι
577 904 649 950 cum
673 885 808 970 teneret]
836 887 990 951 memoria
1010 882 1014 972 Ι

163 991 315 1075 nomin]is
338 992 429 1056 multi
452 988 598 1075 foratas!
618 990 748 1056 musicis
771 989 953 1076 arteria[s,l

166 1098 247 1184 ipse]
272 1104 418 1164 caestata
442 1094 604 1184 comebat]
625 1094 629 1184 l
651 1099 775 1163 comica
798 1096 1019 1184 Atellanico!

167 1255 175 1270 .
225 1255 231 1270 .
280 1255 287 1270 .
334 1225 393 1290 pas
416 1226 459 1290 pa
506 1253 962 1271 .........

240 1380 312 1436 CIL.
331 1380 401 1435 XIV
419 1381 498 1446 2771,
529 1380 647 1435 Notizie
666 1381 694 1433 d.
714 1382 799 1434 scari
818 1382 891 1435 1884
909 1399 937 1452 p.
952 1383 1004 1437 193
1106 1385 1192 1455 frag-

168 1457 303 1507 mentum
320 1452 445 1506 tabulae
464 1457 604 1520 repertae
622 1453 654 1504 in
674 1467 749 1520 agro
771 1451 928 1507 Labicano
948 1455 1002 1508 ubi
1021 1455 1080 1508 luit
1099 1456 1190 1510 lucus

167 1523 324 1577 Musarum
344 1523 463 1590 (Kaibel
477 1523 573 1592 epigr.
587 1522 659 1586 889).
688 1524 864 1591 graecanici
882 1523 1028 1578 uidentur
1050 1531 1187 1595 septena-

167 1596 204 1648 rii
225 1595 320 1649 iuisse
339 1595 451 1663 singuli
471 1594 559 1647 binos
578 1595 610 1646 in
628 1594 731 1662 lapide
749 1594 918 1648 uersiculos
938 1596 1097 1664 implentes

205 1666 417 1735 supplementa
436 1680 527 1735 quam
547 1665 606 1719 sint
625 1666 741 1718 incerta
754 1681 816 1719 non
830 1667 941 1733 nescio,
961 1667 1015 1720 sed
1030 1682 1191 1737 opponun-

169 1742 219 1791 tur
232 1737 311 1791 inter
329 1752 362 1791 se
379 1737 485 1806 forato
498 1744 528 1791 ct
546 1738 687 1803 coartata,
708 1736 791 1805 quod
804 1752 919 1791 nouum
933 1743 979 1791 est
991 1740 1185 1793 uocabulum.

168 1810 206 1862 cf.
232 1808 340 1862 effecta
366 1809 507 1878 pugilatu
531 1808 701 1877 τρυπήματᾳ
724 1807 815 1861 APal.
833 1807 877 1861 XI
896 1808 939 1875 78,
959 1809 984 1876 3,
1012 1825 1191 1865 communes
1259 1870 1265 1886 ι

169 1879 308 1950 pugilum
338 1884 367 1934 et
396 1886 555 1934 cantorum
584 1880 729 1946 μύρμηκας
756 1878 907 1944 (Meinelre
933 1895 1007 1935 com.
1031 1897 1077 1950 gr.
1101 1884 1137 1936 fr.
1157 1881 1187 1935 II

169 1968 197 2021 p.
204 1950 264 2075 d330
275 1954 317 2018 s),
336 1952 509 2005 morbosam
523 1951 616 2020 palati
634 1951 795 2016 ἱμάντωσιν.
825 1952 863 2005 de
877 1956 1001 2006 cantore
1015 1955 1118 2022 agitur
1131 1969 1191 2023 per

112 2059 115 2065 ·
169 2023 202 2076 lu
224 2037 276 2075 um
693 2022 695 2026 ’

241 2093 437 2162 2postquam
462 2092 576 2147 dehoc
599 2093 686 2146 titulo
712 2092 752 2146 ad
769 2093 989 2147 Mommsenum
1015 2095 1126 2159 rettuli,
1153 2095 1185 2147 in

170 2164 385 2219 additamentis
404 2163 502 2218 editor
516 2163 588 2218 CIL.
607 2165 697 2217 tibias
713 2163 924 2231 multiformius
937 2165 1010 2218 fecit
1026 2180 1089 2218 non
1101 2170 1188 2219 recte

260 2240 331 2290 ante
350 2232 476 2289 musicis
495 2235 581 2288 initio
600 2235 745 2288 uersiculi
765 2235 946 2304 descriptam
962 2234 1121 2288 alitteram
1134 2250 1188 2289 ne-

168 2307 253 2377 glexi
271 2311 306 2360 ut
327 2307 527 2376 pertinentem
547 2306 690 2360 aliorsum
811 2305 829 2357 3
848 2320 863 2357 e
881 2305 1000 2359 litterae
1019 2307 1188 2375 uestigium

169 2379 314 2448 apparuit
333 2382 404 2432 ante
423 2378 556 2431 coactata
730 2380 737 2392 ⁸

646 2522 710 2586 237

169 2665 233 2730 Hic
255 2664 318 2729 sita
341 2670 389 2729 est
412 2665 590 2749 Amymone
613 2664 714 2728 Marci
738 2664 859 2748 optima
883 2670 915 2728 et
938 2663 1167 2747 pulcherrima,

259 2770 387 2836 lanifica
409 2771 464 2855 pia
486 2769 605 2855 pudica
628 2769 714 2853 frugi
737 2777 828 2836 casta
851 2769 1027 2836 domiseda.

241 2947 313 3003 CIL.
327 2947 368 3001 Vl
382 2947 478 3013 11602,
498 2946 547 3002 Or.
560 2946 632 3001 4639
732 2946 914 3001 fuitRomac
931 2948 964 3000 in
983 2946 1190 3015 sarcophago,

170 3019 319 3073 Hadriani
338 3034 416 3073 aeuo
436 3018 555 3074 Gudius
574 3019 690 3072 litteras
709 3018 884 3088 adsignauit

241 3091 256 3143 1
278 3091 444 3160 Amymone
469 3091 541 3145 huic
562 3090 635 3159 pedi
655 3091 734 3145 male
759 3090 894 3155 inlatum,
919 3089 1026 3143 melius
1050 3085 1189 3142 cratitio

170 3161 337 3232 Amymone
357 3160 447 3216 sitast
589 3159 691 3215 Marci
709 3161 771 3214 iilia
796 3162 911 3231 opinor,
936 3176 998 3214 non
1017 3158 1112 3213 Marci
1131 3164 1186 3212 aut

169 3233 275 3286 Marcii
294 3246 374 3286 uxor
533 3232 549 3285 2
569 3233 654 3287 deest
672 3232 790 3302 syllaba
809 3232 849 3285 ad
867 3230 1081 3301 septenarium,
1102 3230 1189 3283 addi·

171 3306 276 3359 doram
293 3301 357 3371 fuit
375 3304 393 3358 l.
414 3305 445 3358 in
460 3303 648 3359 Fleckeiseni
667 3303 769 3357 annali
789 3303 859 3357 1858
880 3319 909 3372 p.
923 3301 966 3369 74,
986 3303 1013 3355 ct
1030 3303 1063 3355 in
1081 3316 1188 3370 progr.

166 3376 265 3430 Bonn.
286 3374 355 3429 1876
375 3392 402 3445 p.
418 3375 460 3430 14.
489 3376 543 3430 sed
563 3376 696 3431 defuisse
714 3376 747 3428 in
765 3389 837 3429 arca
855 3389 944 3428 nemo
964 3372 1150 3442 significauit

205 3444 363 3502 domiseda
382 3463 506 3513 nouum,
526 3448 712 3502 contrarium
730 3446 870 3500 Plautino
886 3445 1023 3514 proceda
