2646 3884
136 133 173 189 24
599 149 689 189 muel

207 298 289 349 certe
310 308 433 348 carmen
452 301 497 349 est
516 294 587 350 CIL.
602 295 643 349 IV
662 295 732 349 1322
752 296 806 350 sed
824 297 940 350 incerta
960 298 1026 351 eins
1044 296 1146 351 lectio:

135 380 291 435 rogamus,
320 366 421 431 Delos,
449 382 571 436 capara
589 365 729 420 incenato
757 365 815 421 iter
834 383 892 437 ego
913 382 951 421 ex
970 368 1032 422 tab.
1051 367 1094 435 21,
1111 366 1147 421 28

137 437 327 506 expiscebar,
347 434 561 492 incurabiliter
580 437 678 492 editor

621 617 664 681 47

137 740 316 806 Accensnm
340 743 394 824 qui
417 741 559 826 pedicat,
582 741 646 806 urit
669 741 855 806 mentulam.

209 898 281 954 CIL.
301 899 342 953 IV
365 899 443 968 1882,
472 900 619 955 Garrncci
647 901 735 969 graff.
759 898 822 953 ΑΒ
990 913 1151 953 merosum

138 971 317 1040 ambiguum
336 971 511 1041 significans
531 972 671 1025 ardorem
691 971 777 1026 uelut
796 972 860 1025 irae
875 976 904 1025 et
918 971 1047 1025 officium
1061 969 1150 1024 ciuile

621 1151 665 1215 48

138 1274 189 1340 Tu
212 1277 266 1358 qui
289 1275 452 1340 lucernam
476 1274 602 1359 cogitas
626 1273 814 1356 accendere,

117 1379 271 1465 cadens]
295 1379 390 1446 adest
413 1401 449 1447 os
497 1430 504 1445 .
552 1430 561 1444 .
607 1430 615 1445 .

210 1555 282 1611 CIL.
302 1556 343 1610 IV
362 1557 430 1611 1941
531 1557 563 1610 in
582 1557 707 1610 basilica
725 1557 912 1625 Pompeiana

209 1627 227 1681 2
244 1629 299 1683 eal.
311 1669 317 1682 .
330 1668 336 1681 .
347 1629 434 1682 adest
452 1633 534 1681 certo
555 1629 626 1681 mihi
645 1628 747 1698 legere
766 1628 875 1682 uideor
887 1629 918 1680 in
932 1626 1037 1680 tabula
1050 1625 1092 1692 23,
1107 1625 1151 1678 11.

139 1703 208 1769 post
235 1715 268 1754 os
296 1700 385 1753 nimis
413 1699 525 1753 dubiae
554 1700 680 1766 litterae,
709 1700 741 1752 in
765 1699 826 1753 fine
849 1696 906 1752 tibi
925 1697 1151 1765 Zangemeister

140 1771 275 1836 coniecit,
303 1771 403 1825 media
426 1771 558 1839 uestigia
586 1772 677 1824 etiam
704 1772 736 1823 in
758 1767 885 1838 alcioris
904 1768 1069 1823 conuenire
1090 1768 1151 1836 opi-

138 1842 245 1895 nabar.
274 1842 382 1895 similia
409 1841 447 1896 de
471 1842 592 1895 flamma
612 1847 641 1895 et
661 1842 808 1895 incendiis
828 1842 939 1894 amoris
957 1841 990 1893 in
1009 1840 1078 1894 odei
1100 1855 1152 1908 pa·

139 1913 214 1967 riete
234 1914 346 1982 scripta
364 1918 575 1983 proponentur
594 1914 674 1966 inira

623 2091 668 2158 49

140 2214 217 2281 Seni
240 2216 353 2299 supino
378 2216 460 2281 colel
483 2215 588 2280 culum
613 2221 735 2299 tegunt.

210 2389 287 2446 Acta
304 2393 371 2446 inst.
391 2392 541 2446 arehaeol.
561 2392 645 2446 Rom.
665 2392 734 2446 1875
759 2408 787 2460 p.
808 2391 859 2444 191
1010 2388 1151 2457 Pompeis

139 2463 172 2516 in
189 2464 314 2533 pariete.
352 2464 535 2533 principium
553 2463 698 2518 uersiculi
716 2460 782 2517 seni
795 2457 908 2529 supino
922 2460 1065 2513 iteratum
1078 2459 1152 2528 legi·

140 2538 190 2588 tur
208 2534 321 2588 ibidem
456 2534 524 2588 colii
542 2535 680 2601 traditur,
706 2534 893 2587 correximus
911 2532 976 2600 ipse
997 2535 1027 2584 et
1045 2530 1151 2584 Rohde

139 2605 172 2658 in
183 2603 371 2659 Fleckeiseni
385 2621 454 2658 ann.
469 2605 539 2659 1880
549 2622 576 2674 p.
587 2605 647 2659 656.
662 2605 738 2658 colei
751 2603 958 2657 fortitudinem
973 2604 1152 2670 animosque

140 2676 238 2730 solent
258 2676 403 2730 denotare
422 2676 567 2743 uirorum,
595 2677 625 2729 hi
645 2691 749 2730 senem
768 2680 798 2729 et
815 2673 989 2740 λακκοσχέαν
1012 2677 1153 2727 tutantur

142 2761 160 2799 e
178 2748 404 2817 philopygistis:
424 2747 502 2801 salse
521 2748 634 2800 dictum
653 2748 686 2799 in
704 2746 824 2800 uetulos
844 2746 987 2800 cinaedos

627 2925 671 2990 50

212 3048 327 3104 Romae
353 3050 386 3102 in
413 3049 552 3102 Palatino
581 3049 612 3102 in
640 3049 796 3118 parietinis
821 3047 978 3117 Caligulae
1007 3048 1153 3102 eruerunt

142 3121 276 3190 mihique
295 3121 455 3189 exscripsit
474 3117 611 3174 GKaibel
630 3120 686 3174 hoc
706 3118 819 3172 dictum

248 3192 383 3245 mentula
401 3189 523 3245 cessas?
539 3204 639 3259 uerpa
657 3191 775 3245 lumbos
795 3186 927 3245 abstulit.

143 3263 226 3332 prior
239 3277 309 3331 pers
322 3263 491 3316 hexametri
505 3261 671 3321 clausulam
684 3262 826 3327 imitatur,
838 3261 987 3331 posterior
999 3260 1154 3314 senarium

213 3333 354 3401 Pompeis
374 3332 446 3388 CIL.
465 3333 506 3387 IV
526 3333 595 3387 1863
616 3337 715 3403 potest
734 3334 873 3386 senarius
891 3332 985 3385 fuisse

245 3404 411 3473 prehenlde
430 3419 570 3458 seruant:
590 3421 659 3459 cum
676 3404 768 3470 colec,
787 3401 834 3457 nti
852 3400 920 3458 lieet

144 3474 263 3529 dubitat
281 3479 383 3530 tamen
402 3476 627 3546 Zangerneister
654 3491 778 3530 ceruam
797 3491 869 3528 num
888 3477 971 3528 recte
990 3472 1151 3541 scripserit,

144 3561 233 3615 posse
250 3548 313 3617 legi
332 3545 466 3603 sacuam
484 3548 534 3602 uel
552 3546 687 3602 sciscam
