<?xml version="1.0" encoding="UTF-8"?>
<!DOCTYPE html PUBLIC "-//W3C//DTD XHTML 1.0 Transitional//EN"
    "http://www.w3.org/TR/xhtml1/DTD/xhtml1-transitional.dtd">
<html xmlns="http://www.w3.org/1999/xhtml" xml:lang="en" lang="en">
 <head>
  <title>
</title>
<meta http-equiv="Content-Type" content="text/html;charset=utf-8" />
  <meta name='ocr-system' content='tesseract 3.04.00' />
  <meta name='ocr-capabilities' content='ocr_page ocr_carea ocr_par ocr_line ocrx_word'/>
</head>
<body>
  <div class='ocr_page' id='page_1' title='image "./anthologialatin00lommgoog_0424.png"; bbox 0 0 2634 3892; ppageno 0'>
   <div class='ocr_carea' id='block_1_1' title="bbox 539 188 727 227">
    <p class='ocr_par' dir='ltr' id='par_1_1' title="bbox 539 188 727 227">
     <span class='ocr_line' id='line_1_1' title="bbox 539 188 727 227; baseline 0 -1"><span class='ocrx_word' id='word_1_1' title='bbox 539 188 727 227; x_wconf 73' lang='lat' dir='ltr'>HEXAMETRI</span> 
     </span>
    </p>
   </div>
   <div class='ocr_carea' id='block_1_2' title="bbox 91 333 992 633">
    <p class='ocr_par' dir='ltr' id='par_1_2' title="bbox 91 333 992 633">
     <span class='ocr_line' id='line_1_2' title="bbox 127 333 992 418; baseline -0.001 -19"><span class='ocrx_word' id='word_1_2' title='bbox 127 334 260 417; x_wconf 91' lang='lat' dir='ltr'>quisque</span> <span class='ocrx_word' id='word_1_3' title='bbox 282 333 379 400; x_wconf 90' lang='lat' dir='ltr'>frdem</span> <span class='ocrx_word' id='word_1_4' title='bbox 401 335 517 399; x_wconf 83' lang='lat' dir='ltr'><strong>trinam</strong></span> <span class='ocrx_word' id='word_1_5' title='bbox 542 335 705 401; x_wconf 88' lang='lat' dir='ltr'>confessus</span> <span class='ocrx_word' id='word_1_6' title='bbox 729 334 881 418; x_wconf 82' lang='lat' dir='ltr'>dogmate</span> <span class='ocrx_word' id='word_1_7' title='bbox 904 354 992 418; x_wconf 77' lang='lat' dir='ltr'>uero,</span> 
     </span>
     <span class='ocr_line' id='line_1_3' title="bbox 91 440 922 525; baseline -0.004 -17"><span class='ocrx_word' id='word_1_8' title='bbox 91 469 117 508; x_wconf 80' lang='grc' dir='ltr'>ιο</span> <span class='ocrx_word' id='word_1_9' title='bbox 126 447 289 507; x_wconf 88' lang='lat' dir='ltr'>aeternam</span> <span class='ocrx_word' id='word_1_10' title='bbox 312 440 387 506; x_wconf 86' lang='lat' dir='ltr'>fisus</span> <span class='ocrx_word' id='word_1_11' title='bbox 411 441 537 507; x_wconf 77' lang='lat' dir='ltr'>Christo</span> <span class='ocrx_word' id='word_1_12' title='bbox 561 461 633 507; x_wconf 92' lang='lat' dir='ltr'>cum</span> <span class='ocrx_word' id='word_1_13' title='bbox 657 461 789 525; x_wconf 88' lang='lat' dir='ltr'>carpere</span> <span class='ocrx_word' id='word_1_14' title='bbox 811 441 922 523; x_wconf 86' lang='lat' dir='ltr'>uitam,</span> 
     </span>
     <span class='ocr_line' id='line_1_4' title="bbox 128 548 944 633; baseline -0.002 -19"><span class='ocrx_word' id='word_1_15' title='bbox 128 553 256 614; x_wconf 87' lang='lat' dir='ltr'>censeat</span> <span class='ocrx_word' id='word_1_16' title='bbox 278 548 338 614; x_wconf 91' lang='lat' dir='ltr'>has</span> <span class='ocrx_word' id='word_1_17' title='bbox 360 568 444 614; x_wconf 92' lang='lat' dir='ltr'>nunc</span> <span class='ocrx_word' id='word_1_18' title='bbox 467 549 538 614; x_wconf 85' lang='lat' dir='ltr'>luce</span> <span class='ocrx_word' id='word_1_19' title='bbox 562 549 624 614; x_wconf 89' lang='lat' dir='ltr'>frui</span> <span class='ocrx_word' id='word_1_20' title='bbox 647 549 778 631; x_wconf 90' lang='lat' dir='ltr'>uitaque</span> <span class='ocrx_word' id='word_1_21' title='bbox 801 549 944 633; x_wconf 91' lang='lat' dir='ltr'>perenni.</span> 
     </span>
    </p>
   </div>
   <div class='ocr_carea' id='block_1_3' title="bbox 127 688 1143 1030">
    <p class='ocr_par' dir='ltr' id='par_1_3' title="bbox 127 688 1143 973">
     <span class='ocr_line' id='line_1_5' title="bbox 199 688 1141 745; baseline -0.004 0"><span class='ocrx_word' id='word_1_22' title='bbox 199 689 271 745; x_wconf 87' lang='lat' dir='ltr'>CIL.</span> <span class='ocrx_word' id='word_1_23' title='bbox 289 689 316 744; x_wconf 88' lang='lat' dir='ltr'><strong>V</strong></span> <span class='ocrx_word' id='word_1_24' title='bbox 334 690 405 744; x_wconf 77' lang='lat'>6729</span> <span class='ocrx_word' id='word_1_25' title='bbox 424 705 463 745; x_wconf 85' lang='lat' dir='ltr'>ex</span> <span class='ocrx_word' id='word_1_26' title='bbox 482 690 601 744; x_wconf 89' lang='lat' dir='ltr'>schedis</span> <span class='ocrx_word' id='word_1_27' title='bbox 619 689 770 744; x_wconf 87' lang='lat' dir='ltr'>Modenae</span> <span class='ocrx_word' id='word_1_28' title='bbox 788 690 839 744; x_wconf 91' lang='lat' dir='ltr'>uel</span> <span class='ocrx_word' id='word_1_29' title='bbox 857 688 981 742; x_wconf 85' lang='lat' dir='ltr'>Ranzae</span> <span class='ocrx_word' id='word_1_30' title='bbox 1083 689 1141 742; x_wconf 87' lang='lat' dir='ltr'>fuit</span> 
     </span>
     <span class='ocr_line' id='line_1_6' title="bbox 127 759 1143 816; baseline -0.003 -1"><span class='ocrx_word' id='word_1_31' title='bbox 127 760 270 815; x_wconf 82' lang='lat' dir='ltr'>Vercellis</span> <span class='ocrx_word' id='word_1_32' title='bbox 386 760 504 815; x_wconf 84' lang='lat' dir='ltr'>Bruzza</span> <span class='ocrx_word' id='word_1_33' title='bbox 524 768 649 816; x_wconf 88' lang='lat' dir='ltr'>auctore</span> <span class='ocrx_word' id='word_1_34' title='bbox 668 761 871 815; x_wconf 87' lang='lat' dir='ltr'>Mommscnus</span> <span class='ocrx_word' id='word_1_35' title='bbox 890 775 1009 814; x_wconf 88' lang='lat' dir='ltr'>sorores</span> <span class='ocrx_word' id='word_1_36' title='bbox 1027 759 1143 813; x_wconf 88' lang='lat' dir='ltr'>intelle-</span> 
     </span>
     <span class='ocr_line' id='line_1_7' title="bbox 127 831 1141 902; baseline 0 -17"><span class='ocrx_word' id='word_1_37' title='bbox 127 834 173 901; x_wconf 82' lang='lat' dir='ltr'>git</span> <span class='ocrx_word' id='word_1_38' title='bbox 192 831 364 887; x_wconf 87' lang='lat' dir='ltr'>Constantis</span> <span class='ocrx_word' id='word_1_39' title='bbox 383 835 519 902; x_wconf 87' lang='lat' dir='ltr'>episcopi</span> <span class='ocrx_word' id='word_1_40' title='bbox 539 833 674 887; x_wconf 84' lang='lat' dir='ltr'>defuncti</span> <span class='ocrx_word' id='word_1_41' title='bbox 695 834 775 886; x_wconf 91' lang='lat' dir='ltr'>circa</span> <span class='ocrx_word' id='word_1_42' title='bbox 801 848 827 884; x_wconf 87' lang='lat' dir='ltr'>a.</span> <span class='ocrx_word' id='word_1_43' title='bbox 847 832 907 899; x_wconf 81' lang='lat'>520,</span> <span class='ocrx_word' id='word_1_44' title='bbox 937 845 1059 885; x_wconf 86' lang='lat' dir='ltr'>carmen</span> <span class='ocrx_word' id='word_1_45' title='bbox 1083 831 1141 885; x_wconf 91' lang='lat' dir='ltr'>hoc</span> 
     </span>
     <span class='ocr_line' id='line_1_8' title="bbox 127 903 1050 973; baseline 0 -17"><span class='ocrx_word' id='word_1_46' title='bbox 127 908 161 957; x_wconf 91' lang='lat' dir='ltr'>ut</span> <span class='ocrx_word' id='word_1_47' title='bbox 180 904 240 957; x_wconf 89' lang='lat' dir='ltr'>alia</span> <span class='ocrx_word' id='word_1_48' title='bbox 258 904 371 957; x_wconf 89' lang='lat' dir='ltr'>ibidem</span> <span class='ocrx_word' id='word_1_49' title='bbox 390 905 535 973; x_wconf 90' lang='lat' dir='ltr'>scriptum</span> <span class='ocrx_word' id='word_1_50' title='bbox 554 907 684 958; x_wconf 85' lang='lat' dir='ltr'>fortasse</span> <span class='ocrx_word' id='word_1_51' title='bbox 703 919 722 956; x_wconf 89' lang='lat' dir='ltr'>a</span> <span class='ocrx_word' id='word_1_52' title='bbox 740 903 887 957; x_wconf 81' lang='lat' dir='ltr'>Flauiano</span> <span class='ocrx_word' id='word_1_53' title='bbox 907 903 1050 971; x_wconf 89' lang='lat' dir='ltr'>episcopo</span> 
     </span>
    </p>

    <p class='ocr_par' dir='ltr' id='par_1_4' title="bbox 197 973 941 1030">
     <span class='ocr_line' id='line_1_9' title="bbox 197 973 941 1030; baseline -0.003 -1"><span class='ocrx_word' id='word_1_54' title='bbox 197 976 215 1029; x_wconf 88' lang='lat'><strong>3</strong></span> <span class='ocrx_word' id='word_1_55' title='bbox 234 973 354 1030; x_wconf 82' lang='lat' dir='ltr'>adiectu</span> <span class='ocrx_word' id='word_1_56' title='bbox 372 975 503 1029; x_wconf 83' lang='lat' dir='ltr'>traditur</span> <span class='ocrx_word' id='word_1_57' title='bbox 611 976 627 1028; x_wconf 88' lang='grc'><strong>6</strong></span> <span class='ocrx_word' id='word_1_58' title='bbox 649 975 745 1029; x_wconf 90' lang='lat' dir='ltr'>altera</span> <span class='ocrx_word' id='word_1_59' title='bbox 764 974 941 1030; x_wconf 84' lang='lat' dir='ltr'>Constantia</span> 
     </span>
    </p>
   </div>
   <div class='ocr_carea' id='block_1_4' title="bbox 600 1154 662 1217">
    <p class='ocr_par' dir='ltr' id='par_1_5' title="bbox 600 1154 662 1217">
     <span class='ocr_line' id='line_1_10' title="bbox 600 1154 662 1217; baseline 0 0"><span class='ocrx_word' id='word_1_60' title='bbox 600 1154 662 1217; x_wconf 76' lang='lat'>707</span> 
     </span>
    </p>
   </div>
   <div class='ocr_carea' id='block_1_5' title="bbox 89 1275 1080 2532">
    <p class='ocr_par' dir='ltr' id='par_1_6' title="bbox 89 1275 1080 2532">
     <span class='ocr_line' id='line_1_11' title="bbox 127 1275 1030 1361; baseline -0.001 -20"><span class='ocrx_word' id='word_1_61' title='bbox 127 1277 198 1342; x_wconf 89' lang='lat' dir='ltr'>Heu</span> <span class='ocrx_word' id='word_1_62' title='bbox 221 1275 427 1341; x_wconf 84' lang='lat' dir='ltr'>memorande</span> <span class='ocrx_word' id='word_1_63' title='bbox 450 1282 552 1361; x_wconf 78' lang='lat' dir='ltr'>pater,</span> <span class='ocrx_word' id='word_1_64' title='bbox 576 1276 664 1360; x_wconf 82' lang='lat' dir='ltr'>longi</span> <span class='ocrx_word' id='word_1_65' title='bbox 687 1277 765 1341; x_wconf 91' lang='lat' dir='ltr'>milri</span> <span class='ocrx_word' id='word_1_66' title='bbox 789 1297 886 1342; x_wconf 90' lang='lat' dir='ltr'>causa</span> <span class='ocrx_word' id='word_1_67' title='bbox 910 1276 1030 1341; x_wconf 91' lang='lat' dir='ltr'>doloris</span> 
     </span>
     <span class='ocr_line' id='line_1_12' title="bbox 126 1381 1007 1469; baseline -0.001 -21"><span class='ocrx_word' id='word_1_68' title='bbox 126 1389 160 1448; x_wconf 92' lang='lat' dir='ltr'>et</span> <span class='ocrx_word' id='word_1_69' title='bbox 183 1381 367 1466; x_wconf 88' lang='lat' dir='ltr'>quaerenda</span> <span class='ocrx_word' id='word_1_70' title='bbox 389 1384 483 1448; x_wconf 92' lang='lat' dir='ltr'>nimis</span> <span class='ocrx_word' id='word_1_71' title='bbox 507 1383 630 1449; x_wconf 87' lang='lat' dir='ltr'>cunctis</span> <span class='ocrx_word' id='word_1_72' title='bbox 653 1390 710 1448; x_wconf 87' lang='lat' dir='ltr'>tua</span> <span class='ocrx_word' id='word_1_73' title='bbox 732 1390 827 1469; x_wconf 84' lang='lat' dir='ltr'>grata</span> <span class='ocrx_word' id='word_1_74' title='bbox 850 1389 1007 1449; x_wconf 89' lang='lat' dir='ltr'>senectus.</span> 
     </span>
     <span class='ocr_line' id='line_1_13' title="bbox 127 1490 910 1575; baseline -0.004 -16"><span class='ocrx_word' id='word_1_75' title='bbox 127 1495 160 1559; x_wconf 82' lang='lat' dir='ltr'>te</span> <span class='ocrx_word' id='word_1_76' title='bbox 184 1510 292 1555; x_wconf 87' lang='lat' dir='ltr'>carum</span> <span class='ocrx_word' id='word_1_77' title='bbox 316 1490 453 1573; x_wconf 79' lang='lat' dir='ltr'>suboles,</span> <span class='ocrx_word' id='word_1_78' title='bbox 477 1498 509 1556; x_wconf 91' lang='lat' dir='ltr'>te</span> <span class='ocrx_word' id='word_1_79' title='bbox 532 1490 630 1556; x_wconf 84' lang='lat' dir='ltr'>fixum</span> <span class='ocrx_word' id='word_1_80' title='bbox 653 1492 754 1557; x_wconf 92' lang='lat' dir='ltr'>sensit</span> <span class='ocrx_word' id='word_1_81' title='bbox 777 1491 910 1575; x_wconf 79' lang='lat' dir='ltr'>amicus,</span> 
     </span>
     <span class='ocr_line' id='line_1_14' title="bbox 126 1597 964 1681; baseline 0.002 -21"><span class='ocrx_word' id='word_1_82' title='bbox 126 1602 159 1661; x_wconf 92' lang='lat' dir='ltr'>te</span> <span class='ocrx_word' id='word_1_83' title='bbox 182 1597 297 1661; x_wconf 89' lang='lat' dir='ltr'>leuitas</span> <span class='ocrx_word' id='word_1_84' title='bbox 318 1604 454 1680; x_wconf 86' lang='lat' dir='ltr'>toruum,</span> <span class='ocrx_word' id='word_1_85' title='bbox 479 1597 605 1663; x_wconf 89' lang='lat' dir='ltr'>dulcem</span> <span class='ocrx_word' id='word_1_86' title='bbox 629 1599 781 1681; x_wconf 83' lang='lat' dir='ltr'>cognouit</span> <span class='ocrx_word' id='word_1_87' title='bbox 803 1597 964 1663; x_wconf 89' lang='lat' dir='ltr'>honestas.</span> 
     </span>
     <span class='ocr_line' id='line_1_15' title="bbox 101 1703 915 1788; baseline 0 -21"><span class='ocrx_word' id='word_1_88' title='bbox 101 1704 234 1787; x_wconf 81' lang='lat' dir='ltr'>aturpia</span> <span class='ocrx_word' id='word_1_89' title='bbox 257 1704 399 1786; x_wconf 86' lang='lat' dir='ltr'>castigas</span> <span class='ocrx_word' id='word_1_90' title='bbox 422 1704 533 1768; x_wconf 91' lang='lat' dir='ltr'>uiuens</span> <span class='ocrx_word' id='word_1_91' title='bbox 557 1723 629 1769; x_wconf 90' lang='lat' dir='ltr'>cum</span> <span class='ocrx_word' id='word_1_92' title='bbox 653 1703 791 1788; x_wconf 84' lang='lat' dir='ltr'>coniuge</span> <span class='ocrx_word' id='word_1_93' title='bbox 805 1710 915 1769; x_wconf 79' lang='lat' dir='ltr'>easta.</span> 
     </span>
     <span class='ocr_line' id='line_1_16' title="bbox 128 1808 846 1892; baseline 0 -18"><span class='ocrx_word' id='word_1_94' title='bbox 128 1808 254 1874; x_wconf 88' lang='lat' dir='ltr'>actibus</span> <span class='ocrx_word' id='word_1_95' title='bbox 276 1810 406 1875; x_wconf 88' lang='lat' dir='ltr'>urbanis</span> <span class='ocrx_word' id='word_1_96' title='bbox 429 1809 588 1874; x_wconf 89' lang='lat' dir='ltr'>miscebas</span> <span class='ocrx_word' id='word_1_97' title='bbox 611 1809 732 1892; x_wconf 83' lang='lat' dir='ltr'>gaudia</span> <span class='ocrx_word' id='word_1_98' title='bbox 754 1810 846 1891; x_wconf 84' lang='lat' dir='ltr'>ruris,</span> 
     </span>
     <span class='ocr_line' id='line_1_17' title="bbox 126 1914 882 2001; baseline 0.004 -21"><span class='ocrx_word' id='word_1_99' title='bbox 126 1922 162 1980; x_wconf 92' lang='lat' dir='ltr'>ut</span> <span class='ocrx_word' id='word_1_100' title='bbox 184 1921 241 1979; x_wconf 91' lang='lat' dir='ltr'>tua</span> <span class='ocrx_word' id='word_1_101' title='bbox 264 1915 335 1999; x_wconf 89' lang='lat' dir='ltr'>plus</span> <span class='ocrx_word' id='word_1_102' title='bbox 359 1916 486 2001; x_wconf 84' lang='lat' dir='ltr'>gemino</span> <span class='ocrx_word' id='word_1_103' title='bbox 509 1914 647 1999; x_wconf 83' lang='lat' dir='ltr'>fulgeret</span> <span class='ocrx_word' id='word_1_104' title='bbox 670 1915 739 1980; x_wconf 91' lang='lat' dir='ltr'>uita</span> <span class='ocrx_word' id='word_1_105' title='bbox 762 1915 882 1983; x_wconf 86' lang='lat' dir='ltr'>labore.</span> 
     </span>
     <span class='ocr_line' id='line_1_18' title="bbox 125 2021 1080 2107; baseline 0.002 -22"><span class='ocrx_word' id='word_1_106' title='bbox 125 2042 200 2085; x_wconf 89' lang='lat' dir='ltr'>nam</span> <span class='ocrx_word' id='word_1_107' title='bbox 222 2022 369 2086; x_wconf 92' lang='lat' dir='ltr'>meritum</span> <span class='ocrx_word' id='word_1_108' title='bbox 391 2042 476 2087; x_wconf 92' lang='lat' dir='ltr'>mors</span> <span class='ocrx_word' id='word_1_109' title='bbox 499 2023 571 2107; x_wconf 86' lang='lat' dir='ltr'>ipsa</span> <span class='ocrx_word' id='word_1_110' title='bbox 594 2021 698 2105; x_wconf 89' lang='lat' dir='ltr'>docet,</span> <span class='ocrx_word' id='word_1_111' title='bbox 724 2042 819 2106; x_wconf 90' lang='lat' dir='ltr'>quarn</span> <span class='ocrx_word' id='word_1_112' title='bbox 841 2028 972 2106; x_wconf 89' lang='lat' dir='ltr'>pectore</span> <span class='ocrx_word' id='word_1_113' title='bbox 995 2022 1080 2087; x_wconf 87' lang='lat' dir='ltr'>laeto</span> 
     </span>
     <span class='ocr_line' id='line_1_19' title="bbox 126 2128 898 2213; baseline 0 -21"><span class='ocrx_word' id='word_1_114' title='bbox 126 2128 245 2211; x_wconf 88' lang='lat' dir='ltr'>optasti</span> <span class='ocrx_word' id='word_1_115' title='bbox 268 2129 302 2192; x_wconf 94' lang='lat' dir='ltr'>in</span> <span class='ocrx_word' id='word_1_116' title='bbox 324 2129 471 2194; x_wconf 89' lang='lat' dir='ltr'>manibus</span> <span class='ocrx_word' id='word_1_117' title='bbox 493 2128 629 2193; x_wconf 87' lang='lat' dir='ltr'>filiorum</span> <span class='ocrx_word' id='word_1_118' title='bbox 652 2148 750 2213; x_wconf 89' lang='lat' dir='ltr'>saepe</span> <span class='ocrx_word' id='word_1_119' title='bbox 773 2135 898 2193; x_wconf 90' lang='lat' dir='ltr'>tuorum</span> 
     </span>
     <span class='ocr_line' id='line_1_20' title="bbox 89 2234 930 2320; baseline 0 -19"><span class='ocrx_word' id='word_1_120' title='bbox 89 2261 116 2301; x_wconf 80' lang='grc' dir='ltr'>ιο</span> <span class='ocrx_word' id='word_1_121' title='bbox 126 2253 250 2299; x_wconf 89' lang='lat' dir='ltr'>sumere</span> <span class='ocrx_word' id='word_1_122' title='bbox 274 2242 307 2300; x_wconf 93' lang='lat' dir='ltr'>et</span> <span class='ocrx_word' id='word_1_123' title='bbox 330 2236 479 2320; x_wconf 86' lang='lat' dir='ltr'>amplexu</span> <span class='ocrx_word' id='word_1_124' title='bbox 503 2234 590 2301; x_wconf 91' lang='lat' dir='ltr'>dulci</span> <span class='ocrx_word' id='word_1_125' title='bbox 613 2243 746 2300; x_wconf 90' lang='lat' dir='ltr'>tenuare</span> <span class='ocrx_word' id='word_1_126' title='bbox 769 2241 930 2319; x_wconf 87' lang='lat' dir='ltr'>nepotum.</span> 
     </span>
     <span class='ocr_line' id='line_1_21' title="bbox 127 2339 841 2426; baseline 0.001 -21"><span class='ocrx_word' id='word_1_127' title='bbox 127 2339 231 2405; x_wconf 88' lang='lat' dir='ltr'>adfuit</span> <span class='ocrx_word' id='word_1_128' title='bbox 253 2340 304 2407; x_wconf 88' lang='lat' dir='ltr'>his</span> <span class='ocrx_word' id='word_1_129' title='bbox 327 2341 412 2408; x_wconf 86' lang='lat' dir='ltr'>uotis</span> <span class='ocrx_word' id='word_1_130' title='bbox 435 2343 554 2408; x_wconf 85' lang='lat' dir='ltr'>excelsi</span> <span class='ocrx_word' id='word_1_131' title='bbox 577 2342 684 2426; x_wconf 82' lang='lat' dir='ltr'>gratia</span> <span class='ocrx_word' id='word_1_132' title='bbox 708 2341 841 2407; x_wconf 80' lang='lat' dir='ltr'>Christi:</span> 
     </span>
     <span class='ocr_line' id='line_1_22' title="bbox 127 2446 826 2532; baseline 0.003 -21"><span class='ocrx_word' id='word_1_133' title='bbox 127 2446 206 2512; x_wconf 87' lang='lat' dir='ltr'>felix</span> <span class='ocrx_word' id='word_1_134' title='bbox 228 2447 297 2513; x_wconf 89' lang='lat' dir='ltr'>uita</span> <span class='ocrx_word' id='word_1_135' title='bbox 319 2448 389 2526; x_wconf 88' lang='lat' dir='ltr'>fuit,</span> <span class='ocrx_word' id='word_1_136' title='bbox 414 2448 492 2513; x_wconf 86' lang='lat' dir='ltr'>felix</span> <span class='ocrx_word' id='word_1_137' title='bbox 516 2455 548 2513; x_wconf 93' lang='lat' dir='ltr'>et</span> <span class='ocrx_word' id='word_1_138' title='bbox 571 2449 725 2514; x_wconf 87' lang='lat' dir='ltr'>transitus</span> <span class='ocrx_word' id='word_1_139' title='bbox 747 2449 826 2532; x_wconf 88' lang='lat' dir='ltr'>ipse.</span> 
     </span>
    </p>
   </div>
   <div class='ocr_carea' id='block_1_6' title="bbox 198 2587 1068 2655">
    <p class='ocr_par' dir='ltr' id='par_1_7' title="bbox 198 2587 1068 2655">
     <span class='ocr_line' id='line_1_23' title="bbox 198 2587 1068 2655; baseline 0.002 -15"><span class='ocrx_word' id='word_1_140' title='bbox 198 2587 287 2641; x_wconf 87' lang='lat' dir='ltr'>Rossi</span> <span class='ocrx_word' id='word_1_141' title='bbox 305 2589 395 2641; x_wconf 87' lang='lat' dir='ltr'>inser.</span> <span class='ocrx_word' id='word_1_142' title='bbox 415 2589 514 2642; x_wconf 83' lang='lat' dir='ltr'>christ.</span> <span class='ocrx_word' id='word_1_143' title='bbox 532 2588 617 2642; x_wconf 90' lang='lat' dir='ltr'>Rom.</span> <span class='ocrx_word' id='word_1_144' title='bbox 637 2588 652 2641; x_wconf 94' lang='grc' dir='ltr'>Ι</span> <span class='ocrx_word' id='word_1_145' title='bbox 670 2588 732 2655; x_wconf 80' lang='grc'><strong>475,</strong></span> <span class='ocrx_word' id='word_1_146' title='bbox 755 2588 825 2642; x_wconf 80' lang='lat'>1047</span> <span class='ocrx_word' id='word_1_147' title='bbox 845 2588 940 2642; x_wconf 85' lang='lat' dir='ltr'>deser.</span> <span class='ocrx_word' id='word_1_148' title='bbox 959 2587 1068 2642; x_wconf 90' lang='lat' dir='ltr'>Marini</span> 
     </span>
    </p>
   </div>
   <div class='ocr_carea' id='block_1_7' title="bbox 7 2654 1141 2729">
    <p class='ocr_par' dir='ltr' id='par_1_8' title="bbox 7 2654 1141 2729">
     <span class='ocr_line' id='line_1_24' title="bbox 7 2654 1141 2729; baseline 0.003 -18"><span class='ocrx_word' id='word_1_149' title='bbox 7 2654 12 2679; x_wconf 67' lang='grc'>’</span> <span class='ocrx_word' id='word_1_150' title='bbox 126 2660 159 2711; x_wconf 90' lang='lat' dir='ltr'>in</span> <span class='ocrx_word' id='word_1_151' title='bbox 171 2658 244 2711; x_wconf 92' lang='lat' dir='ltr'>uilla</span> <span class='ocrx_word' id='word_1_152' title='bbox 254 2657 431 2728; x_wconf 76' lang='lat' dir='ltr'>Borghesia.</span> <span class='ocrx_word' id='word_1_153' title='bbox 451 2660 655 2729; x_wconf 87' lang='lat' dir='ltr'>subscriptum</span> <span class='ocrx_word' id='word_1_154' title='bbox 671 2657 720 2713; x_wconf 80' lang='lat' dir='ltr'>hic</span> <span class='ocrx_word' id='word_1_155' title='bbox 733 2657 918 2728; x_wconf 81' lang='lat' dir='ltr'>req(uiescit)</span> <span class='ocrx_word' id='word_1_156' title='bbox 928 2657 1055 2714; x_wconf 81' lang='lat' dir='ltr'>Achillis</span> <span class='ocrx_word' id='word_1_157' title='bbox 1067 2658 1141 2726; x_wconf 60' lang='grc' dir='ltr'>πᾶν)</span> 
     </span>
    </p>
   </div>
   <div class='ocr_carea' id='block_1_8' title="bbox 126 2727 1147 2942">
    <p class='ocr_par' dir='ltr' id='par_1_9' title="bbox 126 2727 1147 2942">
     <span class='ocr_line' id='line_1_25' title="bbox 127 2727 1147 2800; baseline 0.004 -17"><span class='ocrx_word' id='word_1_158' title='bbox 127 2727 328 2798; x_wconf 63' lang='lat' dir='ltr'>⁸s(pectabilc&#39;s)</span> <span class='ocrx_word' id='word_1_159' title='bbox 349 2728 404 2799; x_wconf 81' lang='lat' dir='ltr'>qui</span> <span class='ocrx_word' id='word_1_160' title='bbox 421 2728 504 2784; x_wconf 75' lang='lat' dir='ltr'>uincit</span> <span class='ocrx_word' id='word_1_161' title='bbox 516 2746 588 2783; x_wconf 79' lang='lat' dir='ltr'>aaa.</span> <span class='ocrx_word' id='word_1_162' title='bbox 604 2731 700 2799; x_wconf 65' lang='lat' dir='ltr'>phars)</span> <span class='ocrx_word' id='word_1_163' title='bbox 716 2729 842 2797; x_wconf 55' lang='lat' dir='ltr'>munus&gt;</span> <span class='ocrx_word' id='word_1_164' title='bbox 856 2731 1012 2798; x_wconf 87' lang='lat' dir='ltr'><em>LXXVII,</em></span> <span class='ocrx_word' id='word_1_165' title='bbox 1033 2731 1099 2800; x_wconf 82' lang='lat' dir='ltr'>dep.</span> <span class='ocrx_word' id='word_1_166' title='bbox 1120 2733 1147 2787; x_wconf 95' lang='lat' dir='ltr'><strong><em>V</em></strong></span> 
     </span>
     <span class='ocr_line' id='line_1_26' title="bbox 126 2799 1143 2871; baseline 0.003 -17"><span class='ocrx_word' id='word_1_167' title='bbox 126 2800 210 2868; x_wconf 70' lang='lat' dir='ltr'>kall).</span> <span class='ocrx_word' id='word_1_168' title='bbox 226 2801 294 2854; x_wconf 83' lang='lat' dir='ltr'>Iun.</span> <span class='ocrx_word' id='word_1_169' title='bbox 307 2799 438 2855; x_wconf 79' lang='lat' dir='ltr'>Paulino</span> <span class='ocrx_word' id='word_1_170' title='bbox 458 2799 600 2869; x_wconf 66' lang='lat' dir='ltr'>dormiere)</span> <span class='ocrx_word' id='word_1_171' title='bbox 619 2800 711 2866; x_wconf 64' lang='lat' dir='ltr'>miro)</span> <span class='ocrx_word' id='word_1_172' title='bbox 731 2800 872 2866; x_wconf 61' lang='lat' dir='ltr'>alarios)</span> <span class='ocrx_word' id='word_1_173' title='bbox 892 2803 973 2871; x_wconf 85' lang='lat' dir='ltr'>c(o)s.</span> <span class='ocrx_word' id='word_1_174' title='bbox 994 2818 1074 2857; x_wconf 87' lang='lat' dir='ltr'>anno</span> <span class='ocrx_word' id='word_1_175' title='bbox 1089 2803 1143 2857; x_wconf 79' lang='lat'>534</span> 
     </span>
     <span class='ocr_line' id='line_1_27' title="bbox 199 2869 1070 2942; baseline 0.002 -16"><span class='ocrx_word' id='word_1_176' title='bbox 199 2871 216 2925; x_wconf 78' lang='lat'>5</span> <span class='ocrx_word' id='word_1_177' title='bbox 235 2869 393 2942; x_wconf 80' lang='lat' dir='ltr'>castipans</span> <span class='ocrx_word' id='word_1_178' title='bbox 411 2874 629 2942; x_wconf 89' lang='lat' dir='ltr'>interpretatur</span> <span class='ocrx_word' id='word_1_179' title='bbox 647 2872 773 2926; x_wconf 90' lang='lat' dir='ltr'>Rossius</span> <span class='ocrx_word' id='word_1_180' title='bbox 875 2874 909 2926; x_wconf 80' lang='lat'>12</span> <span class='ocrx_word' id='word_1_181' title='bbox 929 2873 966 2928; x_wconf 87' lang='lat' dir='ltr'>cf.</span> <span class='ocrx_word' id='word_1_182' title='bbox 984 2873 1070 2940; x_wconf 81' lang='lat'><strong>659,1</strong></span> 
     </span>
    </p>
   </div>
   <div class='ocr_carea' id='block_1_9' title="bbox 606 3017 670 3082">
    <p class='ocr_par' dir='ltr' id='par_1_10' title="bbox 606 3017 670 3082">
     <span class='ocr_line' id='line_1_28' title="bbox 606 3017 670 3082; baseline 0 0"><span class='ocrx_word' id='word_1_183' title='bbox 606 3017 670 3082; x_wconf 77' lang='lat'>708</span> 
     </span>
    </p>
   </div>
   <div class='ocr_carea' id='block_1_10' title="bbox 128 3137 1207 3637">
    <p class='ocr_par' dir='ltr' id='par_1_11' title="bbox 128 3137 1207 3637">
     <span class='ocr_line' id='line_1_29' title="bbox 128 3137 1079 3224; baseline -0.001 -18"><span class='ocrx_word' id='word_1_184' title='bbox 128 3142 289 3208; x_wconf 86' lang='lat' dir='ltr'>Aceruum</span> <span class='ocrx_word' id='word_1_185' title='bbox 311 3142 432 3207; x_wconf 88' lang='lat' dir='ltr'>luctum</span> <span class='ocrx_word' id='word_1_186' title='bbox 453 3141 532 3206; x_wconf 91' lang='lat' dir='ltr'>mihi</span> <span class='ocrx_word' id='word_1_187' title='bbox 555 3139 722 3224; x_wconf 80' lang='lat' dir='ltr'>demisisti,</span> <span class='ocrx_word' id='word_1_188' title='bbox 746 3137 939 3208; x_wconf 73' lang='lat' dir='ltr'>dulcissima*</span> <span class='ocrx_word' id='word_1_189' title='bbox 954 3142 1079 3208; x_wconf 81' lang='lat' dir='ltr'>coniux,</span> 
     </span>
     <span class='ocr_line' id='line_1_30' title="bbox 128 3247 1144 3334; baseline -0.003 -18"><span class='ocrx_word' id='word_1_190' title='bbox 128 3248 202 3316; x_wconf 89' lang='lat' dir='ltr'>Non</span> <span class='ocrx_word' id='word_1_191' title='bbox 226 3247 305 3313; x_wconf 92' lang='lat' dir='ltr'>mihi</span> <span class='ocrx_word' id='word_1_192' title='bbox 330 3247 510 3314; x_wconf 86' lang='lat' dir='ltr'>sufficiebat</span> <span class='ocrx_word' id='word_1_193' title='bbox 536 3247 686 3313; x_wconf 84' lang='lat' dir='ltr'>habuisse</span> <span class='ocrx_word' id='word_1_194' title='bbox 707 3247 775 3314; x_wconf 92' lang='lat' dir='ltr'>uita</span> <span class='ocrx_word' id='word_1_195' title='bbox 796 3254 901 3314; x_wconf 90' lang='lat' dir='ltr'>tecum</span> <span class='ocrx_word' id='word_1_196' title='bbox 922 3269 980 3334; x_wconf 91' lang='lat' dir='ltr'>per</span> <span class='ocrx_word' id='word_1_197' title='bbox 1001 3254 1144 3333; x_wconf 90' lang='lat' dir='ltr'>tempore</span> 
     </span>
     <span class='ocr_line' id='line_1_31' title="bbox 1002 3355 1098 3438; baseline 0.01 -19"><span class='ocrx_word' id='word_1_198' title='bbox 1002 3355 1098 3438; x_wconf 90' lang='lat' dir='ltr'>mala,</span> 
     </span>
     <span class='ocr_line' id='line_1_32' title="bbox 128 3456 1207 3548; baseline 0.002 -24"><span class='ocrx_word' id='word_1_199' title='bbox 128 3459 235 3525; x_wconf 81' lang='lat' dir='ltr'>Aliam</span> <span class='ocrx_word' id='word_1_200' title='bbox 259 3460 386 3544; x_wconf 93' lang='lat' dir='ltr'>quidem</span> <span class='ocrx_word' id='word_1_201' title='bbox 410 3461 548 3528; x_wconf 89' lang='lat' dir='ltr'>futuram</span> <span class='ocrx_word' id='word_1_202' title='bbox 564 3461 718 3528; x_wconf 88' lang='lat' dir='ltr'>cottidiae</span> <span class='ocrx_word' id='word_1_203' title='bbox 741 3463 877 3548; x_wconf 92' lang='lat' dir='ltr'>optabas</span> <span class='ocrx_word' id='word_1_204' title='bbox 900 3463 994 3547; x_wconf 87' lang='lat' dir='ltr'>bona,</span> <span class='ocrx_word' id='word_1_205' title='bbox 1018 3461 1076 3529; x_wconf 91' lang='lat' dir='ltr'>sed</span> <span class='ocrx_word' id='word_1_206' title='bbox 1098 3462 1145 3526; x_wconf 91' lang='lat' dir='ltr'>in-</span> <span class='ocrx_word' id='word_1_207' title='bbox 1202 3456 1207 3464; x_wconf 81' lang='grc'><strong>’</strong></span> 
     </span>
     <span class='ocr_line' id='line_1_33' title="bbox 633 3569 1098 3637; baseline 0 -3"><span class='ocrx_word' id='word_1_208' title='bbox 633 3569 712 3635; x_wconf 83' lang='lat' dir='ltr'>felix</span> <span class='ocrx_word' id='word_1_209' title='bbox 736 3589 829 3637; x_wconf 88' lang='lat' dir='ltr'>casus</span> <span class='ocrx_word' id='word_1_210' title='bbox 852 3569 959 3637; x_wconf 87' lang='lat' dir='ltr'>effecit</span> <span class='ocrx_word' id='word_1_211' title='bbox 982 3569 1098 3636; x_wconf 91' lang='lat' dir='ltr'>aliena.</span> 
     </span>
    </p>
   </div>
   <div class='ocr_carea' id='block_1_11' title="bbox 0 0 1328 3892">
    <p class='ocr_par' dir='ltr' id='par_1_12' title="bbox 0 0 1328 3892">
     <span class='ocr_line' id='line_1_34' title="bbox 0 0 1328 3892; baseline 0 0"><span class='ocrx_word' id='word_1_212' title='bbox 0 0 1328 3892; x_wconf 95' lang='lat' dir='ltr'> </span> 
     </span>
    </p>
   </div>
  </div>
 </body>
</html>
