2634 3892
550 178 738 220 1111111111
1098 165 1156 220 333

206 322 295 377 Rossi
313 325 403 378 inser.
423 325 523 379 christ.
542 324 627 380 Rom.
646 325 676 379 II
695 326 755 393 172,
771 327 814 393 31,
834 324 906 381 CIL.
920 325 1037 394 16141,
1055 327 1155 381 maior

136 409 208 463 pars
227 399 319 461 extat,
339 400 437 449 totum
456 411 579 450 carmen
598 399 734 451 seruauit
755 397 854 452 codex
871 397 1029 451 Palatinus
1049 399 1154 467 quiin

138 466 248 533 quibus
268 465 389 520 differat
407 483 426 520 a
444 467 547 537 lapide
566 467 714 537 adscripsi
732 473 767 522 ut
786 468 919 538 sylloges
937 469 1003 522 eius
1016 468 1090 522 fides
1105 484 1152 522 co·

136 540 303 606 gnoscatur
410 537 562 593 Vercellis.
591 540 795 619 subscriptum
810 537 865 610 qai
882 537 1018 593 attritio
1036 540 1091 594 hoc
1109 555 1155 594 se·

136 608 202 661 calo
222 607 343 676 aomos)
362 609 403 677 pl.
416 625 456 664 m.
468 610 559 663 LXX
574 610 775 678 deploratas)
791 610 871 678 stab)
891 608 963 675 d(ie)
978 611 1071 665 Vicat.
1081 611 1154 663 Iao.

132 692 165 746 p.
184 694 207 732 c.
226 678 415 734 Mauortia.
435 697 458 734 c.
479 682 592 735 consul.
612 697 692 735 anno
712 682 765 736 528
892 696 1014 735 carmen
1033 680 1152 734 Bruzza

136 748 283 804 Flauiano
303 752 446 821 episcopo
461 752 645 807 Vercellensi
663 752 789 808 Damasi
809 753 989 808 aemulatori
1008 751 1154 822 adsignat

137 821 224 875 cuius
245 822 433 891 epitaphium
451 823 547 878 habes
566 824 619 878 709

207 891 343 946 isaacio
362 893 460 948 codex
584 895 602 948 3
621 895 777 949 Fredaldo
795 895 846 949 uel
865 892 989 964 11911111
1008 894 1156 963 proponit

135 961 266 1017 Bruzza:
287 963 464 1020 Dalmatius
484 966 550 1019 cod.
622 966 710 1020 51111
730 964 868 1021 naalma
888 966 954 1020 cod.
1023 980 1080 1035 que
1100 965 1153 1019 de·

135 1033 176 1087 let
193 1033 267 1101 Leo,
293 1034 396 1090 Hense
420 1038 537 1090 confert
556 1036 590 1092 V.
609 1035 685 1091 Aen.
704 983 730 1090 lq
737 1037 791 1091 344
812 1052 925 1107 acaprio
949 1033 1079 1092 miserae
1103 1034 1151 1090 11·

136 1105 229 1159 lectas
249 1121 352 1160 amore
430 1108 446 1161 6
467 1106 606 1176 corporis
626 1109 691 1162 cod.

613 1216 679 1280 704

135 1319 298 1386 Emeritae
322 1327 474 1404 quantum
498 1321 649 1388 damnato
674 1342 808 1407 corpore
832 1322 920 1388 uitae

135 1425 195 1491 Vel
219 1428 342 1493 cunctis
365 1433 463 1494 exuta
485 1429 578 1495 malis
600 1449 690 1494 mens
712 1430 824 1514 possit,
849 1428 922 1493 inisi

135 1532 194 1598 Sat
218 1532 308 1598 dedit
330 1535 464 1619 agnosci
486 1535 599 1618 uirtus,
624 1556 718 1619 quem
740 1536 826 1600 mille
850 1536 977 1600 labores

134 1639 297 1724 Exiliique
321 1640 413 1707 dolor
435 1641 514 1708 uicti
538 1649 688 1727 stupuere
711 1642 848 1707 fidelem.

111 1745 277 1812 sBlandus
300 1753 333 1812 et
355 1747 468 1813 adfatu
491 1747 597 1814 facilis
620 1754 781 1831 sanctusq.
806 1767 918 1814 sereno

133 1854 172 1917 In
194 1854 285 1918 uultu
308 1856 463 1939 exponins
487 1855 637 1938 animum,
661 1855 835 1939 patientior
858 1874 972 1938 aeque,

134 1960 295 2025 Virtutum
318 1961 491 2046 specimen,
515 1961 607 2027 diues
630 1962 688 2027 sub
712 1981 853 2046 paupere
876 1960 1005 2044 mundo,

135 2065 333 2134 Scribtorum
356 2075 463 2134 custos
485 2067 609 2152 rigidus
633 2068 754 2152 dubiiq.
779 2088 910 2134 serenus

133 2172 279 2240 Excusor
302 2174 381 2258 ueri,
405 2174 603 2241 contendens
625 2181 732 2240 mente
754 2175 852 2241 beata
1006 2246 1010 2254 ,

95 2304 123 2344 10
131 2280 308 2363 Purgatam
330 2282 364 2346 in
387 2281 481 2347 terris
504 2283 643 2347 animam
665 2301 819 2347 reuocare
842 2300 899 2366 per
922 2279 1050 2363 aethra,

131 2385 304 2470 Indignum
328 2389 469 2454 olamans
493 2387 638 2472 demergi
661 2389 794 2453 crimine
816 2388 901 2452 uitas

132 2492 338 2577 Sulpureasq.
362 2493 466 2559 undas
490 2502 639 2579 corrupto
664 2514 797 2579 corpore
820 2492 921 2559 adire.

131 2596 260 2664 Candor
284 2606 353 2664 erat
375 2601 492 2666 mentis
515 2620 609 2666 uerus
631 2620 788 2685 semperq.
813 2599 952 2665 docebat

131 2704 248 2772 Omnia
270 2705 428 2770 factorum
451 2713 580 2772 nostrae
603 2707 738 2773 rationis
760 2705 912 2773 habenda

90 2835 118 2876 15
128 2811 342 2896 Participesq.
367 2812 443 2877 mali
467 2811 593 2877 facinus
616 2813 671 2897 qui
694 2815 728 2877 in
751 2812 821 2878 tata
843 2813 1013 2879 reclinant.

129 2917 223 2984 Vltor
245 2917 426 3002 inexpletus
448 2917 535 3002 fidei,
558 2920 696 2985 bellator
718 2920 752 2984 in
775 2919 894 3003 hostes,

129 3024 280 3090 Sincerus
304 3024 438 3108 cultorq.
463 3024 515 3090 dei
541 3024 711 3110 domitorq.
735 3027 901 3109 malorum,

127 3131 301 3197 Errantum
324 3132 441 3216 lumen,
465 3133 520 3216 qui
544 3133 679 3199 crimina
702 3134 830 3199 tolleret
853 3152 918 3215 ore,

128 3238 220 3305 Talis
243 3245 313 3305 erat
337 3240 454 3324 specie,
479 3259 573 3322 quem
596 3259 657 3305 neo
681 3239 803 3305 ieiunia
826 3239 924 3321 longa

85 3369 115 3409 20
134 3345 375 3430 Magnanimum
398 3347 517 3430 uicere,
539 3347 625 3411 sitim
648 3345 829 3412 fluuialibus
852 3344 958 3429 undis,

126 3451 280 3534 Algorem
303 3453 360 3517 1111
383 3453 511 3518 solitum
535 3451 698 3537 depellere
720 3458 836 3519 ueste.⁴

124 3557 256 3624 Robore
280 3560 412 3626 caelesti
434 3560 587 3626 mundum
611 3559 750 3626 calcauit
772 3566 805 3625 et
827 3580 939 3627 omnes
