2646 3884
157 141 200 196 44
625 158 716 199 mum

158 302 339 427 emendatuit
349 302 521 426 Ifienaenus.
534 305 635 358 hiatus
649 307 735 359 estin
746 322 881 360 caesura.
895 307 1046 376 posterius
1060 322 1178 361 comma

161 387 287 427 recurre
319 390 350 426 m
365 389 400 427 ra

649 484 692 548 84

156 603 252 688 Lege
274 626 368 689 nuno,
393 606 506 690 uiator,
530 627 646 673 nomen
669 608 701 671 in
725 608 818 672 titulo
841 628 955 673 meum.

158 713 347 778 memoriam
370 713 487 779 habeto
512 735 582 780 esse
606 714 690 779 hano
711 717 878 780 mortalem
903 715 1041 781 domum.

159 820 268 884 ualete
292 820 335 885 ad
358 841 500 905 superos.
534 822 641 886 uiuitis
664 823 764 886 uitam
788 830 962 907 optumam,

157 926 189 991 si
212 946 263 990 me
286 925 470 1009 sequimini:
495 926 593 1011 uixlsi
617 927 701 1011 [egle
726 927 801 992 dum
824 929 911 993 uolui
933 930 1025 994 bene.

233 1064 305 1121 CIL.
325 1067 350 1120 V
369 1069 439 1122 4078
548 1068 692 1124 Mantuae
800 1073 1021 1141 praescriptum
1033 1073 1068 1125 P.
1075 1070 1176 1126 Baius

153 1137 184 1206 f.
202 1136 409 1207 scollandum]
430 1156 493 1193 cur.
1190 1186 1194 1190 ι

232 1209 250 1262 2
268 1209 368 1264 hiatus
387 1212 418 1264 in
439 1226 574 1265 caesura.
606 1227 703 1266 sermo
723 1219 915 1283 metrumque
935 1215 1098 1284 corrigitur
1116 1215 1175 1268 hoc

160 1280 251 1334 modo
271 1281 375 1335 habeto
395 1280 429 1335 ia
448 1279 594 1336 memoria
706 1283 724 1336 4
743 1292 811 1353 post
830 1286 971 1339 lacunam
991 1290 1021 1339 et
1039 1283 1068 1339 si
1085 1287 1176 1340 inter·
1202 1336 1210 1353 ,

158 1352 293 1431 positum
303 1350 487 1407 Mommseno
508 1354 669 1423 spatiolum
687 1356 860 1421 uidebatur,
876 1372 900 1424 p
920 1362 1021 1410 autem
1040 1357 1090 1410 uel
1109 1374 1126 1409 r
1145 1362 1175 1411 et

157 1436 185 1545 qis
204 1422 255 1474 uel
273 1423 384 1547 btante
403 1440 428 1477 0.
457 1440 625 1493 pronomen
644 1427 739 1495 igitur
752 1428 811 1480 alio
831 1428 983 1481 uocabulo
1003 1431 1175 1496 permutan-

182 1508 234 1545 um
254 1508 297 1546 err

646 1605 688 1669 85

157 1725 280 1790 Decem
305 1732 338 1791 et
360 1735 434 1792 octo
457 1749 611 1793 annorum
634 1735 728 1794 natus
752 1729 819 1793 uixi
842 1735 877 1793 ut
899 1731 990 1814 potui
1015 1730 1105 1812 bene,

153 1838 270 1915 gratus
291 1836 418 1919 parenti
441 1841 538 1918 atque
561 1837 674 1902 amicis
697 1837 852 1903 omnibus,

155 1939 285 2024 iocen's,
309 1941 402 2007 ludas
425 1942 550 2007 hortor:
575 1943 629 2008 hio
651 1964 773 2009 summa
797 1952 845 2010 est
869 1944 1034 2010 seueritas.

231 2083 302 2137 CIL.
322 2083 363 2137 VI
383 2084 470 2138 16169
498 2084 576 2137 uidit
598 2084 731 2152 Hermen,
760 2085 868 2138 Marini
891 2084 964 2138 Aru.
991 2103 1019 2155 p.
1039 2086 1093 2141 564
1119 2087 1174 2140 ubi

154 2170 258 2208 annos
278 2156 327 2209 uel
347 2169 500 2209 annorum
518 2157 610 2210 natus
630 2157 789 2209 l'ormulam
814 2172 874 2225 qua
894 2162 979 2210 aetas
1000 2159 1111 2211 mortui
1130 2159 1173 2211 in·

155 2226 313 2279 dicaretur
332 2242 480 2296 perquam
498 2228 640 2280 usitatam
661 2229 754 2281 luisse
773 2226 964 2296 Scipionibus
987 2233 1080 2297 atque
1099 2229 1174 2282 anti·

156 2298 237 2366 quis,
255 2300 475 2367 posterioribus
495 2299 568 2351 satis
587 2299 738 2352 insolitam
757 2299 892 2352 declarat
1009 2301 1096 2353 arula
1116 2299 1173 2353 Ro-

155 2384 250 2422 mana
269 2369 375 2423 litteris
393 2373 524 2438 optumis
543 2371 688 2439 inscripta
704 2385 787 2422 nune
806 2372 837 2423 in
852 2385 957 2423 museo
972 2369 1171 2424 Kireheriano

258 2441 414 2508 praeeedit
438 2440 489 2494 On.
505 2439 662 2495 Cornelius
684 2441 734 2511 Ca,
752 2442 777 2509 f.
787 2439 937 2509 Aniieost')
957 2442 1085 2507 Roseae,
1105 2442 1174 2497 sub·

154 2512 296 2579 sequitur
310 2510 419 2579 posuit
437 2513 627 2566 Fortunatus
647 2513 773 2580 ser-(uos)

231 2583 245 2634 l
270 2598 396 2637 numero
420 2599 570 2637 annorum
594 2585 750 2637 turbatum
775 2599 842 2638 esse
866 2587 995 2637 metrum
1014 2584 1173 2654 probabile

155 2657 212 2716 est,
232 2653 273 2706 illi
293 2655 441 2723 principio
461 2655 545 2707 licuit
565 2656 735 2724 adiungere
755 2653 825 2708 aioot'
844 2657 893 2708 sat
911 2656 983 2708 beae
1086 2655 1173 2724 2ρο-

156 2725 215 2778 tuit
233 2726 324 2778 uitari
344 2726 443 2779 hiatus
463 2727 506 2778 sie
520 2723 647 2793 parenti
665 2727 774 2795 pratus
874 2726 891 2778 3
913 2726 1072 2779 abundant
1092 2726 1171 2779 duae

152 2794 293 2863 syllabae
312 2797 397 2850 uelut
414 2798 519 2850 hortor
626 2795 675 2850 bic
693 2799 721 2858 (i.
735 2797 818 2866 apud
831 2798 956 2863 inferos)
977 2798 1172 2850 scribendum

156 2868 302 2936 proposui
327 2870 424 2922 musei
447 2869 530 2921 rhen.
550 2869 584 2922 27
604 2885 632 2937 p.
652 2869 713 2932 127,
737 2866 786 2922 bis
810 2868 889 2921 enim
915 2867 1060 2920 Marinius
1089 2868 1173 2920 exbi-

156 2939 274 3004 buerat‚
295 2941 387 3007 atque
407 2937 456 2993 bio
481 2940 534 2993 sed
557 2941 589 2992 in
614 2955 673 3008 quo
693 2939 793 2993 media
818 2940 918 2993 littera
939 2940 953 2990 l·
972 2940 1010 2992 sit
1029 2940 1061 2991 in
1081 2940 1171 3007 cippo

153 3010 303 3077 scriptum
326 3009 489 3064 Heuzenus
515 3015 653 3064 testatur.
695 3012 753 3064 ista
778 3012 878 3064 littera
904 3012 1007 3063 nescio
1036 3025 1076 3063 an
1102 3011 1173 3078 imp.

154 3078 276 3134 Claudii
296 3086 427 3135 aetatem
445 3082 556 3150 prodat

645 3209 687 3273 86

155 3329 241 3396 Irilia
264 3331 371 3397 Erotis
394 3332 513 3397 femina
537 3334 659 3417 optima
682 3333 736 3397 hlc
759 3332 861 3397 sitast.

154 3438 277 3503 nullum
300 3438 441 3504 dolorem
465 3440 507 3504 ad
531 3440 649 3504 inferos
672 3439 796 3503 meeum
820 3439 889 3520 tull,

156 3544 226 3610 uiro
250 3553 282 3611 et
304 3549 439 3632 patrono
463 3548 571 3633 placui
594 3553 627 3612 et
650 3546 775 3612 de'oessl
798 3545 895 3629 prior.
