2650 3882
539 184 728 224 fluxuum-m

602 349 668 414 326

12 448 16 472 ἱ
127 523 637 542 ......
684 475 827 539 imbuere
849 473 998 557 labentis,

125 581 180 647 hic
202 600 287 646 nunc
310 581 492 665 Campanas
514 578 696 645 moderator
719 580 867 646 sublebat
890 581 996 663 urbes,

125 687 211 754 unde
234 688 313 753 ordo
336 692 369 751 et
391 685 501 772 populi
525 693 664 753 statuam
687 687 827 752 tribuere
851 687 999 753 Suessae.

198 863 269 919 CIL.
283 862 311 918 X
323 862 395 918 4759
414 868 443 918 et
462 864 532 918 add.
551 880 580 933 p.
594 863 664 918 1012
683 879 722 918 ex
741 864 867 918 schedis.
898 862 960 917 AL.
972 863 1144 918 Burmanni

127 935 231 1003 11123,
250 936 365 1005 Meyeri
384 935 437 989 881
539 934 669 990 Suessae
688 932 862 991 Auruncae}
896 936 997 1004 quarti
1016 935 1143 1000 saeculi,

126 1013 160 1061 ut
183 1011 266 1077 puto.
298 1021 392 1075 supra
410 1007 529 1076 periere
547 1006 650 1076 plures
669 1021 786 1074 uersus,
811 1008 1015 1075 subscriptum
1034 1005 1142 1074 docus)

127 1080 240 1143 datus)
260 1075 482 1145 dleourioaum)
502 1077 640 1141 dtecreto)

198 1150 213 1203 1
234 1148 457 1204 emendandum
476 1146 608 1203 tribuere
627 1149 678 1202 uel
696 1146 857 1223 atribuere¹
896 1159 899 1166 ·

598 1328 662 1393 327

125 1453 309 1518 Florentem
331 1452 454 1518 meritis
477 1451 651 1537 (lrhysanti
674 1452 801 1518 nomine
824 1452 943 1518 famam

125 1561 232 1645 patria
255 1560 481 1625 concelebrant
505 1558 611 1624 cuncti
634 1560 808 1644 populique
830 1566 1002 1644 patresque

125 1665 259 1732 uocibus
283 1664 339 1750 [et]
364 1666 468 1733 claros
491 1664 593 1730 titulis
617 1665 786 1749 consignat
807 1664 943 1731 honores

126 1781 222 1856 teque
245 1778 380 1854 tuosque
403 1777 511 1836 manet
533 1772 647 1855 longos
669 1791 818 1836 mansura
840 1790 899 1856 per
922 1792 1022 1838 annos

101 1880 201 1946 ofelix
224 1878 315 1963 prole
337 1876 408 1952 uiri,
432 1861 548 1961 dignos
571 1878 734 1959 quesitura
756 1884 900 1962 nepotes,

124 1985 166 2052 ad
189 1994 235 2069 tu,
259 2004 380 2051 summe
404 1984 493 2067 deus,
518 1982 691 2068 Orhysauti
713 1986 838 2069 respice
861 1990 1001 2068 gentem.

195 2161 267 2218 CIL.
281 2161 310 2215 X
323 2161 393 2215 1813
411 2160 498 2225 (IRN.
512 2159 594 2224 2507)
611 2161 689 2214 uidit
698 2160 864 2216 Mommsen
883 2161 937 2216 sed
955 2162 988 2216 in
1006 2163 1067 2217 alto
1086 2178 1142 2232 po*

124 2235 214 2288 situm
238 2233 370 2303 lapidem
395 2234 496 2286 minus
523 2246 614 2300 quam
639 2238 760 2302 optarat
783 2232 940 2287 commode
964 2233 1139 2289 describere

123 2306 223 2374 potuit
357 2303 500 2357 Puteolis.
537 2306 758 2374 praescriptum
786 2301 938 2372 Tamudaei
958 2303 1143 2374 Olrhyoanto'

123 2375 209 2443 molt)
228 2373 370 2439 edumas)
394 2373 531 2443 patroni,
561 2374 669 2429 eodem
695 2376 786 2430 modo
814 2374 995 2443 chrysanthi
1026 2390 1138 2429 nomen

123 2449 269 2518 scripturn
288 2452 333 2511 est
351 2461 446 2501 uersu
465 2447 480 2499 1
502 2451 532 2501 et
550 2446 575 2500 6.
612 2449 747 2515 corrupti
771 2447 917 2501 sermonis
936 2451 1067 2500 aetatem
1085 2448 1143 2500 uel

123 2533 203 2572 unus
222 2533 251 2572 u.
270 2518 288 2572 5
308 2517 446 2585 ostendit,
472 2520 597 2572 curante
620 2517 778 2572 Taaaooio
800 2516 962 2587 Crysaatio
986 2534 1016 2571 u.
1035 2517 1142 2642 mers.)

122 2588 310 2644 Aemilianus
334 2588 501 2643 consularis
526 2589 710 2659 Campaniae
733 2590 865 2643 thermas
889 2587 1072 2644 Seuerianus
1117 2590 1146 2642 i·-

122 2662 202 2715 tarni
221 2660 342 2714 ornauit
354 2658 430 2714 CIL.
443 2659 472 2713 X
480 2660 559 2727 3714,
578 2661 737 2714 'Pannonio
749 2660 875 2715 Boionio
888 2658 1053 2731 Orhysaata'
1071 2661 1146 2715 siue

123 2730 308 2857 ἕνὴῃῗιέῗέίο
328 2746 423 2800 puero
444 2733 571 2802 egregio
586 2738 717 2786 statuam
728 2732 887 2787 Puteolani
900 2738 1069 2801 posuerunt
1082 2732 1138 2785 ibi-

145 2818 192 2858 em

190 2866 416 2928 domucelebrat
435 2878 605 2929 correctum
625 2880 670 2930 est
690 2876 722 2928 in
741 2875 927 2945 apographis
1074 2874 1092 2928 3
1110 2876 1142 2927 et

124 2946 224 3001 omisit
241 2946 274 2998 in
292 2959 421 2998 uersura
441 2945 514 2999 dum
532 2960 551 2998 a
571 2946 680 3000 dextra
698 2946 819 3000 laeuam
837 2947 913 3016 petit
931 2945 1064 3015 lapicida

158 3016 177 3070 4
194 3018 297 3071 manet
315 3020 449 3070 erratum
469 3017 586 3085 opinor,
605 3019 735 3071 fortasse
751 3018 838 3070 canet
849 3021 885 3070 ut
894 3016 949 3071 Ou.
960 3017 1036 3070 trist.
1046 3015 1075 3068 ll
1084 3013 1139 3068 562

10 3146 12 3153 s
122 3089 209 3156 teque
223 3089 351 3157 tuosque
365 3102 476 3142 cauam
548 3087 669 3157 5Verg.
680 3087 715 3140 A.
726 3087 767 3142 VI
778 3088 830 3142 784
841 3085 921 3157 felioc
930 3087 1018 3155 prole
1031 3084 1144 3140 uirum

599 3248 666 3313 328

122 3461 369 3544 incollumem.
479 3463 605 3528 ‚iei.
716 3511 723 3526 .
834 3511 841 3526 .

120 3565 324 3650 leg]atusque
348 3568 445 3633 animi
468 3569 619 3652 incertus,
644 3568 728 3652 [cum
751 3568 852 3635 tristis
875 3569 918 3635 ad
941 3590 1035 3637 aures
