2634 3892
542 150 731 190 ssxsmmsm
1088 137 1144 192 387

122 296 209 354 uiuit
228 295 403 352 dulcissime
421 312 491 351 eum
509 297 573 351 suls
591 297 633 350 od
651 311 829 365 supremam
847 295 936 351 diem.
971 296 999 353 0.
1023 296 1143 352 Gauius

125 367 337 439 Primipenius
356 367 421 423 uiae.
441 383 513 421 anu.
532 368 590 422 VII
670 369 751 420 infra
771 367 859 421 edam
878 383 1001 422 carmen
1021 385 1060 423 ex
1080 385 1141 439 quo

127 441 321 566 Βητωῗςὶηηε
351 440 476 494 alterius
506 453 615 493 uersus
647 439 775 508 sumpsit
806 438 1049 494 emendationem
1079 456 1143 495 non

123 528 210 567 nunc
240 527 284 566 ii

126 729 191 793 Hie
214 732 306 813 pater
329 731 362 791 et
384 731 488 790 mater
509 730 684 810 posuerunt
708 744 803 790 ossus
825 726 904 789 nati.

201 903 272 959 CIL.
293 903 336 957 IX
355 903 409 956 700
508 901 548 954 ad
567 907 699 955 montem
720 900 910 971 Garganum.
938 901 1095 970 praecedit
1114 903 1145 956 d.

129 977 172 1030 M.
191 991 215 1030 s.
234 975 404 1043 insequitur
423 989 473 1027 on.
491 973 524 1025 ΙΙ
541 989 580 1027 m.
599 974 674 1026 sexi.
697 970 763 1027 dies
786 975 824 1028 V:
843 975 878 1026 P.
902 970 1010 1027 Vinius
1028 973 1145 1027 Arbulo

126 1048 157 1101 et
175 1047 289 1115 Rufina
307 1046 431 1113 Merope
449 1047 614 1112 percuties)
638 1043 725 1098 Vinio
745 1046 876 1099 Etrusco
892 1043 956 1114 filio
973 1044 1144 1113 steterunt).

127 1134 205 1187 orgo
224 1118 365 1171 bifariam
383 1118 477 1169 notus
496 1115 555 1169 huo
575 1120 604 1169 et
623 1115 695 1168 ilius
714 1115 907 1169 distributum

607 1294 672 1358 825

126 1421 232 1485 Morte
256 1421 321 1485 sita
343 1425 437 1505 rapto
460 1419 614 1485 tumulum
638 1419 744 1485 ieoere
767 1418 938 1503 [parentes.

203 1596 361 1652 ChRobert
379 1598 411 1650 in
431 1598 506 1651 sotis
526 1597 611 1652 acad.
632 1598 722 1651 inser.
741 1595 835 1650 Paris.
856 1597 925 1651 1872
944 1613 973 1667 p.
986 1596 1039 1651 476

129 1668 281 1723 Lactorae
299 1668 524 1737 Aquitanorum
550 1670 581 1722 in
608 1670 697 1738 cippo
722 1669 808 1722 cuius
827 1669 909 1721 basis
930 1683 1029 1736 aeque
1048 1682 1085 1722 ao
1103 1669 1147 1722 fa·

130 1741 255 1809 stigium
274 1741 363 1809 periit
384 1755 513 1808 cumque
532 1740 599 1793 basi
619 1755 723 1793 eorum
744 1740 796 1807 qui
814 1744 1045 1794 monumentum
1068 1740 1147 1794 feee-

131 1817 203 1864 runt
216 1826 326 1865 nomen
346 1813 510 1879 (parentes,
523 1811 664 1878 sodales),
683 1814 821 1879 superest
835 1811 962 1879 quadra·
990 1811 1147 1881 praesedit

130 1882 161 1935 d.
181 1882 231 1934 M.-
243 1879 422 1936 Imminutio
444 1880 569 1937 Grecori
587 1883 606 1936 i.
626 1881 757 1951 Gregori

606 2061 670 2126 826

132 2192 212 2268 quot
234 2205 349 2250 nomen
372 2185 483 2253 titulus
506 2190 650 2271 praestat
673 2186 771 2269 suisq.
796 2185 949 2250 dolorem.

206 2362 278 2418 CIL.
297 2363 342 2415 III
362 2363 431 2418 1899
532 2364 628 2416 musei
642 2360 791 2431 Spalatini
810 2363 887 2442 lapis
905 2362 938 2414 in
958 2376 1012 2415 ora
1031 2359 1150 2415 Delma-

134 2436 195 2488 tica
213 2439 353 2503 repertus
373 2436 416 2487 sic
437 2434 601 2515 inscriptus
621 2433 649 2485 d.
669 2433 712 2486 M.
731 2433 774 2486 M.
793 2433 893 2486 Allius
912 2430 1075 2486 Firminus
1098 2433 1152 2486 Vr·

134 2503 204 2559 sino
227 2503 328 2573 fiilio),
355 2504 383 2560 0.
410 2503 540 2574 Septimi
567 2502 740 2573 Curpopori
771 2503 907 2571 delicate,
936 2500 1150 2572 infelicissimo

129 2579 252 2644 ptuem)
277 2574 447 2644 naufrapio
471 2574 551 2630 obito
576 2591 625 2629 on.
645 2575 695 2628 XI
714 2573 803 2629 euius
826 2575 962 2629 membra
982 2572 1151 2629 consumsit

134 2644 234 2699 maiis
254 2646 280 2711 (ὁ
299 2647 422 2712 πόντος),
443 2662 502 2714 per
520 2662 559 2713 se,
582 2648 656 2716 quot
674 2661 736 2715 eqs.
764 2647 822 2700 hoo
841 2646 936 2715 igitur
955 2660 1067 2700 nomen
1086 2649 1152 2699 tan·

134 2721 200 2770 tum
219 2716 324 2769 titulus
343 2731 380 2770 ac
399 2724 487 2786 pater
504 2721 640 2786 praestat
659 2732 728 2771 cum
749 2716 854 2772 dolore

609 2896 672 2961 827

134 3020 312 3085 incolumes
335 3020 504 3102 saluosque
523 3015 528 3105 Ι
549 3038 623 3085 suos
645 3020 679 3083 in
701 3025 803 3085 morte
826 3019 966 3102 reliquit.

208 3195 325 3250 Notizie
345 3195 373 3249 d.
392 3197 476 3250 soavi
496 3195 565 3249 1893
584 3212 612 3265 p.
627 3196 679 3250 168
700 3197 794 3249 deser.
814 3195 993 3250 Persiohetti
1121 3196 1154 3249 in

139 3282 215 3336 agro
225 3266 414 3321 Amiternino
427 3267 459 3320 in
478 3267 625 3335 fastigiati
645 3266 754 3335 lapidis
774 3267 946 3335 fragmento
966 3267 1073 3321 litteris
1090 3267 1156 3336 pu]-

139 3339 206 3392 eris.
234 3339 368 3408 praeseri
391 3342 422 3392 ta
436 3352 609 3407 apparuero
622 3338 697 3391 haee
711 3377 717 3390 .
729 3378 735 3390 .
746 3376 752 3389 .
764 3335 878 3405 habuit,
898 3336 1010 3406 ...fuit
1025 3337 1030 3404 1
1046 3339 1153 3406 nuptu,

138 3408 214 3478 un[a
232 3407 321 3463 liberi
337 3354 477 3478 fuffeeunt
493 3415 497 3477 Ι
513 3423 636 3477 unaque
647 3447 653 3461 .
664 3448 671 3461 .
682 3448 688 3461 .
699 3406 784 3462 serui
800 3407 814 3478 1,
834 3410 891 3463 nisi
911 3413 1013 3463 tamen
1026 3408 1154 3463 secundi

139 3495 248 3534 uersus
271 3481 377 3535 finales
401 3480 537 3551 syllabae
560 3485 642 3534 rotro
666 3479 767 3534 flexae
792 3487 879 3534 erant
903 3480 941 3535 de
966 3480 1064 3549 tertio,
1094 3495 1157 3534 ser·

138 3548 264 3605 uiemmt
