2634 3892
158 185 211 241 342
602 198 741 239 oacrum

158 351 326 412 catenatae,
346 346 515 400 hexametri
534 351 658 415 praeter
678 349 821 414 quartum
841 344 881 398 ad
903 343 1013 413 lapidis
1036 343 1178 412 regulam

157 418 351 471 terminatum
369 419 482 470 notulis
502 416 719 471 discernuntur

230 489 245 540 1
266 503 345 557 quae
365 488 450 541 deest
474 489 575 542 littera
599 490 631 541 in
650 502 785 556 carpere,
809 502 845 541 ea
869 489 1008 555 superest
1027 487 1058 538 in
1078 500 1179 540 comu-

158 574 227 613 nem
245 559 272 624 5,
291 560 345 613 sed
364 559 421 612 hoc
440 559 520 613 idem
539 560 640 629 legisti
660 559 747 625 aeas
829 557 992 626 Qfortuao
1011 559 1087 610 tuna
1105 554 1181 610 tacit

158 630 235 700 lapis
324 630 343 683 4
359 629 478 698 pertita
496 630 573 700 lapis
594 631 738 684 deuincta
757 627 770 682 a·
788 631 889 698 priore
908 628 979 682 adt
1058 628 1075 681 6
1093 641 1179 681 meos

154 702 259 770 proice
277 703 356 755 utin
372 702 477 755 eadem
489 701 646 755 Huebneri
662 701 781 769 sylloge
794 700 853 767 149,
865 701 881 753 7
894 714 1022 753 suorum
1036 695 1180 767 prolium

154 770 289 843 pipoera
307 774 383 826 auia
476 773 562 841 clepet
581 773 642 842 legi
663 777 762 840 potest
783 772 814 824 iu
834 771 938 840 effigie
956 770 1178 824 Huebneriana

634 933 698 998 719

158 1057 222 1123 Hic
244 1057 323 1123 iacit
346 1058 508 1124 Iohannes
530 1064 686 1144 peccatur
709 1065 742 1123 et
764 1056 915 1140 indignus
938 1057 1107 1141 presbiter.

158 1165 287 1249 expleto
312 1186 466 1230 annorum
490 1165 609 1231 circulo
634 1163 746 1248 quinto

158 1270 244 1336 hunc
267 1272 328 1337 sibi
351 1272 532 1357 sepulcrum
555 1272 707 1337 lobannis
731 1269 869 1336 condere
893 1271 984 1335 iussit

158 1377 344 1443 Marcellino
369 1398 426 1444 suo
450 1377 650 1463 proconsule
673 1382 749 1442 nato

135 1502 311 1567 egermano
335 1491 504 1568 praesente
527 1484 621 1548 simul
644 1490 839 1565 cunctosque
862 1489 1006 1568 nepotes.

159 1592 285 1656 ornauit
307 1591 461 1655 tumolum
483 1596 590 1655 mente
614 1588 703 1654 fideli
727 1589 906 1672 defunctus,

158 1698 297 1762 accessit
320 1697 406 1762 obsis
428 1716 492 1761 una
516 1717 588 1761 oum
612 1696 748 1780 coniuge
771 1695 856 1761 natis

157 1802 321 1869 Anastasii
345 1822 478 1869 seruans
501 1802 678 1868 reuerenda
700 1804 811 1868 limina
833 1803 1001 1883 s(an)ct(i).

158 1909 253 1974 tertio
276 1915 349 1995 post
373 1909 531 1975 decimum
554 1909 693 1997 Augusti
716 1929 846 1974 numero
870 1909 1013 1990 mensiis)

8 2112 9 2115 Ἴ
120 2015 361 2097 roind(iotione)
385 2018 418 2081 II
442 2015 624 2101 praefiniuit
647 2017 768 2082 saeculi
792 2014 887 2080 diem.

230 2191 301 2247 CIL.
316 2192 360 2246 III
373 2194 470 2263 suppl.
481 2192 559 2260 9527,
579 2193 662 2247 Bulic
681 2193 753 2247 bull.
765 2192 895 2246 Dalmat.
909 2192 943 2246 13
962 2209 990 2262 p.
1002 2192 1038 2246 49
1057 2192 1119 2247 tab.
1129 2191 1176 2247 III

266 2262 384 2319 Salonis
404 2280 467 2333 rep.
487 2268 575 2318 extra
593 2265 713 2319 moenia
828 2263 1036 2317 Marcellinum
1055 2278 1175 2333 procos.

157 2334 330 2388 Dalmatiae
349 2351 430 2389 anno
450 2335 503 2389 599
522 2337 684 2390 memorari
703 2337 735 2388 in
755 2333 897 2403 Gregorii
913 2334 1016 2403 Magni
1036 2333 1176 2404 epistulis

157 2405 200 2459 IX
219 2404 236 2460 5
256 2411 285 2460 et
303 2406 338 2459 82
357 2406 586 2475 lohannemque
608 2412 761 2462 mortuum
785 2420 851 2459 esse
875 2407 900 2459 si
925 2405 1097 2459 indictionis
1119 2419 1176 2459 uu-

156 2491 259 2531 merus
277 2479 309 2529 in
327 2493 356 2531 u.
377 2478 412 2530 10
430 2492 504 2531 uere
524 2478 581 2531 fuit
600 2478 629 2531 Il
648 2479 758 2547 (potest
777 2477 857 2530 enim
877 2491 916 2530 ex
935 2477 1023 2530 editis
1043 2477 1133 2530 etiam
1151 2492 1175 2530 u

158 2547 220 2616 legi
243 2552 315 2601 nota
341 2548 491 2617 quinaria)
518 2548 567 2602 die
587 2549 621 2602 13
639 2548 719 2618 Aug.
739 2547 792 2601 599
818 2548 1005 2600 adnotarunt
1033 2548 1176 2601 editores.

159 2620 376 2672 continuentur
399 2634 508 2674 uersus
531 2621 563 2672 in
587 2620 697 2688 lapide,
725 2619 783 2672 nisi
803 2618 886 2687 quod
906 2619 921 2671 1
941 2618 1177 2672 disiunctusest

159 2704 177 2743 a
196 2690 321 2758 reliquis
341 2694 371 2743 et
390 2692 479 2759 spatii
500 2691 614 2759 aliquid
634 2692 715 2744 circa
734 2687 860 2744 ornauit
877 2689 894 2742 6

231 2760 248 2812 2
268 2775 365 2815 annos
379 2760 405 2814 L
424 2763 642 2830 interpretatur
652 2761 743 2827 Bulid,
763 2775 822 2829 ego
837 2776 876 2814 ex
890 2760 1055 2813 indictione
1065 2758 1177 2813 LXXV

193 2830 212 2883 4
231 2831 422 2886 Marcellinus
432 2831 539 2886 Rossio
559 2833 692 2901 mihique
710 2832 833 2885 uidetur
844 2831 988 2884 Iohannis
1007 2831 1085 2884 filius
1105 2830 1175 2898 dici,

157 2901 343 2957 Mommseno
361 2902 440 2956 filius
454 2905 565 2956 fratris,
594 2904 699 2957 debuit
719 2907 773 2956 aut
791 2904 907 2968 natum,
927 2903 951 2954 si
970 2903 1100 2970 nepotes,
1120 2905 1177 2955 aut

158 2974 184 3026 si
202 2976 283 3042 nato,
304 2975 395 3028 etiam
413 2972 582 3043 nepotibus.
610 2975 719 3028 horum
739 2988 832 3026 causa
850 2978 1049 3041 nuncupatur
1067 2974 1163 3026 irater

638 3135 702 3199 720

158 3258 250 3324 Haec
273 3265 361 3324 tenet
386 3280 464 3324 orna
487 3261 603 3340 tu(u)m
626 3257 871 3340 uenerand(u)m
895 3277 1010 3343 corpus
1025 3257 1176 3322 Vincenti

853 3413 861 3424 .
957 3364 1129 3446 ebb(at)ix,

157 3474 207 3534 set
231 3474 286 3535 tua
309 3491 402 3537 sacra
425 3478 512 3537 tenet
536 3474 642 3538 anima
667 3474 817 3554 caeleste,
841 3469 1004 3553 sacerdos,

154 3593 300 3667 regnum,
324 3580 455 3644 mutasti
478 3580 511 3642 in
533 3579 646 3645 melius
671 3600 743 3645 oum
766 3576 887 3663 gaudia
908 3578 989 3644 uite.
