2650 3882
144 105 197 159 196
581 117 720 158 nuceum

120 273 253 331 esextus
275 271 310 330 ut
334 265 482 347 excessit,
507 266 599 350 coepi
622 265 831 349 languescere
854 264 887 328 in
910 282 1037 328 annum.

144 371 277 458 apstulit
300 372 319 436 ό
342 392 442 438 saeua
465 372 520 436 lux
543 392 628 438 nona
648 372 836 464 parentibus
859 375 930 435 crta

143 478 325 564 planctibus
349 478 411 544 heu
433 476 571 563 miserae
593 479 705 543 matris
728 478 892 562 patrisque
915 475 1032 542 simitu.

144 584 218 670 spes
233 584 311 650 mihi
332 605 426 668 quam
442 606 559 669 magua
575 584 690 667 fuerat,
706 586 734 649 sl
749 603 801 649 me
818 604 890 649 mea
907 582 976 647 fata
996 581 1156 648 tulissent.

144 692 256 757 Musae
278 690 357 756 mihi
380 689 537 757 dederant
559 711 659 775 puero
682 687 839 756 facundus
862 695 897 754 ιι1
921 702 1056 755 essem·

108 821 134 861 ιο
144 798 260 864 inuidit
282 797 449 880 Lachesis,
473 797 588 864 Olcthd
611 818 662 862 me
686 816 784 863 saeua
805 795 945 878 necauit,

144 906 240 971 tertia
261 924 323 970 nec
345 924 442 989 passa
464 911 514 970 est
536 905 658 989 pietate
681 903 857 989 rependere
879 903 984 968 matri.

145 1032 241 1095 quam
263 1012 317 1096 pie
340 1031 435 1094 quam
459 1009 570 1076 crebre
593 1011 683 1076 uenit
706 1030 799 1076 sacra
821 1009 876 1075 uia
898 1015 968 1075 tcta

144 1117 234 1184 fleuit
257 1124 289 1183 et
313 1117 458 1183 inmensa
480 1118 574 1183 turba
596 1117 754 1199 funusque
777 1122 898 1182 secuta.

145 1224 295 1291 dixerunt
317 1225 417 1290 ferale
440 1222 526 1289 diem
549 1223 740 1289 stationibus
763 1224 852 1305 atde,

109 1331 232 1415 requcd
255 1338 385 1397 tenerae
408 1333 508 1396 aetati
531 1350 605 1415 spes
628 1330 730 1396 fallax
753 1329 884 1415 apstulit
907 1349 1016 1395 annes.

144 1458 205 1505 nec
227 1438 291 1503 ndn
314 1435 484 1521 omnigena
507 1436 626 1520 passim
649 1437 768 1501 uicinia
790 1437 889 1518 uenit,

145 1550 181 1610 ut
202 1563 327 1610 mecum
349 1543 459 1608 flerem
482 1542 550 1608 fato
572 1543 727 1608 moriente
748 1542 905 1607 uiderent.

144 1657 181 1716 tu
202 1648 331 1732 reddas,
355 1656 496 1732 aeterne,
519 1650 582 1734 piis
604 1650 726 1714 solacia
748 1669 874 1733 semper

146 1763 178 1823 et
200 1757 300 1822 uitam
323 1776 432 1822 seruus
455 1756 578 1822 cunctis
600 1757 790 1839 generisque
813 1757 947 1842 piorum.

218 1880 290 1936 CIL.
309 1880 351 1936 VI
369 1881 439 1937 7578
457 1881 535 1935 uidit
553 1880 688 1949 Hennen,
707 1880 770 1935 Fea
788 1883 905 1935 t'ramm.
925 1883 955 1935 di
975 1883 1046 1937 fasti
1065 1883 1107 1950 10,
1122 1882 1159 1936 26

147 1951 234 2018 (Iahn
252 1967 331 2023 spec.
352 1954 447 2022 epigr.
467 1969 496 2022 p.
507 1951 577 2013 1341.
609 1950 671 2005 AL.
690 1952 804 2020 Meyeri
823 1951 894 2006 1615
992 1954 1107 2008 Romae
1125 1955 1158 2008 in

145 2023 293 2078 Vaticano
378 2038 455 2092 puer
468 2024 521 2093 qui
533 2025 710 2094 septuennis
727 2028 865 2078 mortuus
884 2028 929 2079 eet
942 2028 1034 2079 natus
1047 2025 1159 2078 dicitur

147 2093 262 2151 Seuero
281 2093 311 2148 11
328 2093 426 2148 Fuluo
440 2093 470 2148 II
488 2109 564 2148 coss.
584 2095 636 2163 qui
654 2109 753 2148 annus
772 2094 895 2149 uidetur
914 2110 980 2150 esse
999 2095 1059 2148 120.
1086 2110 1158 2149 nam

147 2181 183 2221 6ο
203 2180 284 2219 enno
303 2164 337 2220 L.
358 2164 482 2220 Catilius
501 2163 634 2220 Seuerus
658 2170 688 2219 et
707 2165 741 2219 Τ.
759 2163 902 2219 Aurelius
920 2165 1035 2219 Fuluus
1055 2163 1160 2234 (Anto-

147 2238 238 2291 ninus
257 2235 341 2304 Pius)
362 2236 501 2291 consules
520 2238 615 2303 fuere,
640 2236 690 2291 ille
714 2236 835 2306 quidem
856 2237 965 2290 iterum
989 2236 1038 2290 hic
1056 2242 1159 2291 tamen

147 2309 277 2393 primum
296 2305 454 2392 (Berghesi
474 2324 520 2377 op.
541 2307 582 2361 IV
601 2307 652 2363 157
663 2324 685 2362 s.
704 2307 729 2362 V
749 2307 802 2371 75).
839 2322 880 2361 an
893 2304 1016 2391 puriter
1032 2322 1062 2360 u.
1080 2306 1098 2360 4
1116 2306 1157 2361 nil

148 2378 1160 2520 11111111111111111111111111111111111

148 2523 262 2592 pariter
274 2525 380 2575 natum
399 2535 465 2575 esse
477 2535 607 2590 puerum
625 2523 739 2591 pariter
753 2520 873 2575 dulcem
891 2520 1049 2574 habitum?
1068 2521 1161 2591 apici·

147 2594 205 2647 bus
218 2592 355 2660 syllabae
367 2592 481 2646 multae
500 2592 707 2661 distinguntur
725 2592 757 2645 in
776 2593 887 2660 quibus
906 2592 1087 2661 productae
1105 2595 1161 2646 aut

148 2678 163 2717 e
182 2667 236 2717 aut
254 2678 274 2716 a
291 2667 347 2730 est,
371 2663 469 2716 rarior
486 2660 500 2716 i
517 2662 619 2733 longa.
648 2664 828 2717 centonibus
853 2662 1012 2718 hincinde
1031 2663 1162 2733 arreptis

149 2748 272 2789 carmen
290 2738 466 2788 contextum
485 2739 568 2803 puto.
596 2731 738 2789 redditas
756 2749 832 2788 ceco
851 2734 868 2787 1
888 2739 918 2788 et
936 2738 1089 2803 postrema
1108 2750 1161 2789 ne-

148 2820 219 2860 uam
234 2804 283 2859 dei
294 2804 459 2874 imaginem
472 2805 654 2874 exprimunt,
667 2809 803 2859 ueterem
815 2805 926 2873 media,
934 2819 992 2859 nec
1003 2804 1160 2875 languisse

148 2877 181 2931 in
199 2890 313 2929 annum
332 2879 363 2929 et
384 2891 466 2930 ncnc
487 2875 536 2930 die
555 2875 674 2930 ablatus
693 2891 760 2930 esse
777 2876 858 2930 idem
871 2879 933 2930 tam
948 2881 1080 2946 angusto
1092 2891 1158 2931 uer·

149 2949 258 3002 borum
276 2946 394 3000 ambitu
413 2947 493 3001 bene
511 2953 655 3001 narratur

220 3018 238 3072 3
256 3016 331 3072 itero
350 3021 385 3070 ut
402 3018 542 3086 secundo,
562 3015 650 3072 tertio
663 3015 748 3082 (Geli.
759 3016 787 3069 X
797 3016 833 3082 1).
861 3018 948 3071 sicin
961 3017 1091 3071 nummis
1101 3016 1160 3071 Ha·

150 3089 249 3144 driani
268 3103 326 3144 cos.
345 3086 421 3142 itero
542 3088 558 3142 6
577 3103 672 3142 saeua
690 3087 840 3157 producta
858 3089 1071 3143 terminatione
1089 3094 1124 3143 ut
1142 3088 1162 3142 8

148 3175 272 3230 magna,
293 3159 327 3213 12
339 3175 438 3227 sacra,
457 3160 492 3214 13
504 3157 645 3214 inmensa
657 3160 755 3226 turba,
776 3159 810 3213 16
822 3157 993 3229 omnigena,
1013 3160 1162 3228 pleraque

149 3233 182 3285 in
192 3232 326 3285 caesuris
416 3230 432 3285 ‘l
445 3227 552 3285 simitu
561 3230 734 3284 Plautinum
744 3230 897 3295 (Bitscheli
908 3245 1011 3300 opusc.
1021 3229 1051 3283 lI
1060 3247 1089 3300 p.
1096 3229 1160 3296 258)

151 3302 189 3355 cf.
202 3316 296 3370 supra
308 3301 361 3355 365
458 3301 476 3356 8
492 3316 540 3356 mc
558 3317 626 3356 mea
644 3301 737 3355 deleri
757 3302 891 3370 oportuit
909 3305 963 3355 aut
981 3302 1072 3355 scribi
1091 3315 1163 3370 spes·

151 3387 245 3442 quam
262 3387 378 3442 magna
394 3370 459 3441 fuit
558 3373 574 3426 9
593 3372 758 3442 legendum
778 3373 886 3442 opinor
904 3373 1013 3426 Musae
1031 3371 1076 3427 mi

169 3442 202 3496 11
213 3443 232 3495 i.
243 3444 393 3512 pietatem,
403 3444 473 3498 item
485 3443 520 3496 14
528 3443 654 3498 feralem
665 3448 694 3497 et
705 3443 739 3497 17
749 3444 927 3497 morientem
1026 3443 1061 3496 12
1070 3458 1164 3499 sacra

150 3510 206 3568 uia
220 3528 276 3582 pre
288 3515 476 3568 sacrouianis
577 3514 612 3567 14
624 3515 853 3594 Ι6666111661661
864 3515 972 3569 feralia
985 3514 1025 3568 ad
1037 3515 1163 3570 modum
