2650 3882
141 145 195 200 212
580 159 719 200 uncum

144 320 241 373 suum,
260 306 293 359 iu
313 305 338 359 B
356 306 572 361 incertissimas
593 306 708 359 litteras
727 319 794 359 esse
813 305 973 360 adnotauit
991 306 1090 361 editor

183 376 259 431 Cillii
278 379 309 430 in
328 377 488 447 prouincia
500 376 662 446 Byzacena
680 379 711 430 in
730 376 886 431 mausoleo
900 376 1036 430 Petronii
1054 377 1162 432 Fortu·

146 450 210 501 nati
231 449 283 516 qui
307 448 515 502 centurionem
538 464 571 502 se
593 448 768 502 interfuisse
792 448 980 516 expeditioni
997 447 1160 503 Parthicae

147 535 174 572 a.
195 518 247 573 199
267 524 296 573 et
315 526 379 573 tum
397 520 429 572 in
449 519 529 573 diem
548 520 648 588 operis
667 520 794 588 perfecti
815 533 909 588 agere
932 534 1029 573 annos
1047 518 1161 574 LXXX

148 594 277 644 testatur
295 591 327 643 in
346 590 432 644 titulo
452 591 626 659 praeposito
646 590 838 660 amplissimo.
865 589 1033 645 Bfortasse
1047 591 1085 645 de
1097 591 1161 646 filio

146 663 215 715 item
236 663 414 715 centurione
433 662 577 730 scriptum
593 662 641 714 cui
661 667 803 730 parentes
816 661 903 715 simul
921 663 1098 716 memoriam
1116 664 1160 716 fe-

142 741 251 786 cerunt

213 802 240 856 A
260 804 274 856 1
294 802 399 857 misces
417 802 564 856 traditur:
583 800 618 856 ni
636 802 696 858 scis
712 803 888 871 Wilmanns,
906 818 1017 858 noscas
1036 803 1163 877 Cather7

142 874 239 928 wood.
269 889 307 927 en
327 873 362 928 ci
380 873 468 928 sias?
559 871 678 940 dicein,
697 872 781 928 iloni
794 875 831 928 de
844 874 974 928 traditur
1064 875 1159 930 dou..

143 944 287 999 traditur:
307 960 401 1015 quam
419 945 496 1000 celeo
509 943 621 1000 uertice
630 945 728 999 Wilm.
829 945 846 999 6
860 947 991 1014 caputet
1003 961 1162 1016 qctampr.=

143 1016 240 1085 suppl.
261 1016 358 1070 Wilm.
469 1014 539 1071 tin
557 1032 655 1070 unum
673 1016 771 1086 suppl,
790 1016 836 1070 W.
865 1021 965 1086 potest
983 1018 1094 1071 loures
1112 1015 1160 1071 in—

145 1087 266 1140 umbrat
366 1088 383 1142 8
402 1088 483 1141 infra
503 1087 577 1141 daia
595 1088 731 1142 restabat
750 1089 840 1142 etiam
860 1104 952 1142 ..noe

618 1231 681 1295 451

143 1356 281 1421 Seruilia
304 1357 396 1421 Irene
419 1375 569 1421 reuersus
590 1355 646 1440 pia
670 1362 761 1421 casta
783 1355 903 1441 pudiea

144 1462 193 1527 bis
218 1462 331 1544 quinos
356 1461 455 1528 denos
479 1469 511 1527 et
533 1481 591 1529 sex
613 1470 767 1547 prouecta
789 1482 847 1547 per
869 1483 979 1528 anuos.

143 1568 184 1633 sit
209 1568 269 1632 tibi
293 1575 379 1632 terra
402 1568 492 1651 leuis,
517 1568 640 1634 cineres
663 1587 789 1652 quoque
811 1567 889 1634 ilore
913 1575 1073 1652 tegantur.

134 1758 137 1763 .
215 1707 328 1763 Gruter
346 1708 408 1773 889,
427 1708 444 1761 2
466 1707 526 1772 (Or.
546 1708 637 1776 4834),
663 1710 794 1764 schedae
818 1709 962 1763 Henzeni.
1000 1707 1062 1761 AL.
1082 1708 1159 1762 Bur—

142 1780 245 1833 manni
265 1778 305 1833 IV
325 1778 383 1845 157,
404 1779 518 1848 Meyeri
537 1779 608 1833 1286
715 1780 830 1836 Romae
847 1786 915 1849 post
934 1794 1074 1849 campum
1091 1780 1158 1833 Flo·

139 1866 195 1905 rae
305 1852 525 1920 praescriptum
544 1851 572 1904 d.
592 1851 634 1904 M.
654 1852 858 1921 subscriptum
880 1850 1009 1921 Odryses
1028 1852 1054 1905 b.
1073 1867 1112 1905 m.
1132 1869 1158 1918 φ

64 1936 69 1945 ·
139 1922 183 1985 (id
202 1927 248 1976 est
266 1923 379 1987 φήκιτ)’

213 1993 228 2044 1
249 1990 385 2048 Seruilia
404 1992 478 2059 alias
498 2007 552 2062 pes
571 1994 689 2049 ionicus
789 1993 870 2048 idem
886 1995 985 2049 exitus
1004 1993 1090 2061 368‚1

617 2154 682 2219 452

387 2276 512 2362 pa1·]um
536 2279 615 2345 felix
639 2298 711 2345 cum
734 2279 870 2362 coniuge
894 2299 970 2344 earo

410 2383 512 2468 mleos
535 2386 705 2450 morientes
728 2386 810 2450 texit
834 2385 953 2451 ocellos

389 2542 396 2556 .
458 2493 490 2556 ui
514 2492 616 2559 libens
640 2510 827 2576 semperque
850 2493 963 2576 rogaui

512 2620 564 2663 .m
587 2618 759 2683 supprema
781 2598 906 2680 reliqui.

214 2736 286 2792 CIL.
306 2737 346 2791 VI
365 2738 454 2791 30122
473 2739 568 2792 deser.
587 2739 675 2794 Rossi
787 2738 893 2793 tabule
911 2753 1080 2792 marmorea
1099 2738 1159 2792 Ro·

140 2823 208 2863 mae
232 2808 349 2888 effossa.
381 2811 602 2878 praescriptum
630 2808 669 2877 d]
693 2809 735 2862 M.
762 2811 967 2878 subscriptum
988 2807 1157 2877 ..incolm-

133 2879 275 3004 parqdbgz
285 2951 398 3004 coniux
417 2955 519 3005 tamen
537 2952 603 3020 ipse
621 2966 705 3006 meos
725 2952 828 3007 oculos
845 2951 952 3005 clausit
971 2956 1001 3005 et
1020 2950 1158 3005 condidit

139 3021 282 3090 mequod
298 3023 421 3090 speraui
435 3021 539 3088 libens,
553 3022 668 3091 prolem
683 3037 751 3076 cum
762 3028 936 3092 oppeterem
951 3037 1095 3091 suprema
1107 3019 1158 3074 n?

616 3183 684 3247 453

141 3307 214 3373 Non
238 3307 346 3390 grauis
369 3306 422 3372 hic
446 3307 528 3372 texit
551 3307 689 3372 tumulus
712 3313 755 3391 te,
779 3307 902 3373 Punica
923 3309 1026 3392 uirgo,

139 3412 303 3477 Musarum
326 3433 416 3478 amor
439 3420 473 3478 et
495 3412 671 3498 Chariten,
694 3413 841 3498 Erasina‚
864 3414 1020 3499 uoluptas

213 3551 284 3606 CIL.
295 3551 340 3606 III
351 3552 424 3606 4910
442 3554 569 3609 contulit
578 3553 752 3621 Mommsen,
772 3553 862 3609 Orelli
877 3553 948 3608 4857
1048 3553 1158 3609 Viruni
