2648 3886
147 142 202 197 252
584 158 724 199 oncrum

147 302 355 372 thaginiensis¹
408 301 556 372 Thipibba
583 305 752 374 ignoratur,
780 306 838 358 nisi
862 306 944 375 quod
968 305 1066 370 Θιγίβα
1094 305 1163 359 libri

147 373 292 442 uolgares
311 374 460 441 praebent
478 375 643 429 Ptolemaei
664 375 705 429 IV
719 377 745 441 3,
759 376 802 442 29,
822 376 870 430 ‘de
884 374 984 431 Gibha
1001 376 1163 431 Numidiae

146 445 202 498 nix
220 448 303 498 recte
329 445 523 510 cogitabitur'
542 445 648 513 Sohm,
673 447 758 500 illum
775 449 875 516 ipsum
893 448 994 501 locum
1013 448 1072 502 dici
1093 463 1164 501 con·

146 519 327 570 sentaneum
347 522 392 570 est
412 532 471 585 qno
492 518 568 586 lapis
588 523 693 572 erutus
712 523 757 572 est
777 518 839 587 (Hr.
860 519 1069 586 el-Hammam)

619 643 687 706 524

278 798 285 814 .
360 770 411 814 mo
482 798 490 813 .
600 799 608 815 .
680 747 754 837 ltaui
777 748 982 835 meam[quei

145 861 195 921 ter
218 862 366 941 repetens
389 853 562 942 patrli]}am
586 876 678 922 casso
702 876 787 922 nnnc
811 853 941 943 tulmulo
966 854 1082 944 dieozi

145 961 275 1029 functus
298 962 357 1028 fati
383 960 493 1049 clodis]
518 962 587 1028 uita
609 961 697 1050 felliu
721 964 763 1029 de
786 963 857 1029 lnce
878 961 882 1051 1
903 966 1031 1030 recessi.

219 1120 290 1176 CIL.
310 1121 380 1175 VIII
399 1122 496 1191 suppl.
517 1122 604 1175 12103
622 1122 700 1175 uidit
719 1120 838 1191 Cognat
957 1123 1039 1191 apud
1059 1121 1161 1177 Muzu-

145 1207 252 1247 censes
272 1208 358 1261 prou.
376 1192 557 1261 Byzacenae
657 1194 831 1263 negotiator
849 1193 932 1263 loqui
951 1194 1074 1248 uidetur

219 1265 233 1317 1
253 1265 352 1333 prima
371 1269 465 1318 restat
485 1265 574 1318 etiam
590 1279 682 1333 quam
696 1265 735 1318 ad
754 1281 785 1319 m
798 1264 1008 1318 accommodes
1026 1280 1097 1334 pars
1117 1265 1161 1318 lit-

145 1339 246 1389 terae:
266 1336 345 1388 hanc
364 1336 466 1388 sedem
486 1336 589 1389 mortis
610 1334 734 1404 optani?
807 1337 824 1389 3
844 1333 918 1392 coldo
931 1340 984 1389 aut
997 1337 1064 1390 cola
1077 1340 1159 1405 puto.

144 1409 252 1460 coacta
265 1408 423 1474 proposuIt
433 1405 631 1474 lthchmidt,
646 1408 727 1475 capit
743 1408 874 1476 spatium
888 1407 1003 1461 litteras
1016 1422 1078 1461 non
1091 1408 1160 1476 plus

147 1480 293 1546 quattuor

618 1566 685 1632 525

145 1673 270 1738 Profuit
294 1694 334 1738 en
358 1672 426 1755 tibi,
452 1679 529 1756 quot
552 1672 628 1738 fana
652 1673 779 1739 coluisti
803 1672 946 1756 deorum,

145 1778 244 1862 iamq.
268 1785 324 1844 tua
348 1785 474 1845 constat
497 1781 602 1864 pietas
625 1780 776 1863 gloriosa,
800 1781 930 1846 Seuere.

145 1885 266 1970 uixisti,
292 1906 416 1952 cursum
440 1887 527 1952 uitae
550 1887 695 1952 bonitate
719 1886 860 1972 replesti,

146 1992 287 2077 sulcidus
310 1993 344 2057 in
366 1993 527 2075 membris,
552 1994 653 2059 oculis
676 2000 708 2059 et
733 2013 865 2079 corpore
888 2014 975 2059 sano.

119 2120 230 2165 cnunc
254 2120 385 2184 campos
409 2101 487 2165 colis
510 2100 638 2184 Elysios
663 2099 810 2184 herbasq.
834 2102 986 2184 uirentcS,

111 2190 114 2193 ⁵
144 2205 343 2290 f]l[or]ib(us)
368 2226 517 2291 aspersus
539 2207 626 2272 iaces
650 2227 691 2271 ex
713 2207 891 2292 pratalibus
914 2209 1009 2281 aruis,

144 2332 205 2378 nec
228 2313 331 2378 minus
355 2319 387 2378 et
410 2314 474 2378 luci
497 2313 621 2395 frueris,
647 2334 718 2379 cum
741 2313 828 2379 fama
850 2310 997 2397 supersit.

145 2439 223 2503 ergo
246 2421 318 2485 nale
340 2420 506 2502 multumq.
530 2421 623 2503 bone,
647 2420 778 2505 pietatis
802 2420 935 2504 onust[e.

145 2524 204 2591 hos
227 2545 337 2591 uersus
361 2525 430 2609 tibi,
454 2533 576 2609 sancte,
599 2546 710 2611 nepos,
734 2527 869 2611 uictorq.
894 2526 1029 2610 deuoui,

110 2652 278 2697 romunera
301 2653 380 2715 quos
404 2633 475 2699 misi
500 2642 554 2698 tuo
578 2655 652 2698 nam
675 2635 828 2717 tumuloq.
853 2632 972 2701 dicaci.

216 2770 288 2827 CIL.
302 2772 372 2826 VIII
390 2773 487 2842 suppl.
502 2773 597 2838 15569,
617 2774 683 2842 eph.
704 2774 861 2844 epigraph.
875 2774 900 2828 V
912 2775 965 2829 581
985 2775 1080 2828 deser.
1094 2775 1159 2830 Ioh.

145 2841 280 2898 Schmidt
380 2860 442 2898 non
462 2845 568 2913 procul
588 2845 627 2898 ab
646 2844 748 2914 Agbia
766 2844 890 2899 Africae
909 2850 939 2899 et
958 2844 1115 2900 Aunobari

181 2914 403 2983 praescriptum
426 2916 455 2968 d.
475 2916 517 2969 M.
536 2932 561 2970 r.
585 2916 615 2968 T.
636 2914 767 2970 Raecius
786 2915 918 2970 Seuerus
932 2915 1030 2984 mins)
1053 2914 1157 2984 abab)

143 2983 238 3040 anaia
257 2986 412 3052 LXXXX,
433 2988 637 3056 subscriptum
655 2985 725 3054 Mic)
744 2985 845 3051 satus)
863 2989 928 3051 ebt)

216 3056 231 3109 1
251 3054 371 3110 coluisti
388 3058 469 3126 fona
488 3059 512 3111 si
533 3059 709 3126 scripsisset,
733 3073 842 3111 uersus
867 3064 932 3112 erat
955 3060 1093 3129 optimus,
1119 3060 1158 3113 cf.

143 3126 244 3192 541,11
374 3128 392 3181 4
406 3125 553 3196 placidus
572 3130 728 3198 suppleret
748 3128 889 3195 Schmidt,
909 3132 1007 3199 potuit
1026 3128 1156 3197 lucidae,

145 3199 275 3267 praetuli
295 3214 355 3267 qno
375 3200 551 3254 acrostichis
570 3200 603 3254 fit
617 3198 702 3267 pios.
731 3201 867 3254 clausula
882 3216 990 3255 uersus
1004 3217 1059 3270 par
1069 3201 1158 3256 que·

145 3268 206 3322 nali
220 3269 261 3336 10,
272 3270 324 3323 356
413 3271 429 3324 6
449 3287 468 3324 α
487 3286 630 3340 separare
644 3279 677 3325 ut
694 3271 946 3326 exclamationem
958 3288 1021 3327 uon
1034 3272 1157 3342 placuit,

145 3341 201 3393 etsi
214 3354 345 3408 sparsus
357 3343 456 3396 tritius
471 3347 524 3396 est.
543 3347 607 3396 tum
620 3358 735 3396 nouum
748 3343 878 3396 uerbum
891 3359 946 3412 pro
956 3342 1157 3413 pratensibus

181 3410 198 3463 8
211 3411 307 3465 bonae
317 3412 535 3481 iuterpretatur
545 3412 650 3479 Sohm,
662 3429 720 3483 ego
732 3430 787 3483 pro
798 3415 941 3469 uocatiuo
952 3416 1065 3470 habeo:
1079 3417 1157 3483 ciale,

145 3482 275 3534 multum
292 3483 369 3549 unic,
389 3481 500 3551 optime
519 3486 547 3538 ct
561 3482 704 3552 pitsaime
805 3487 916 3540 onusta
936 3487 1034 3556 suppl.
1058 3486 1157 3543 Schm.

144 3550 177 3603 id
195 3556 230 3604 ut
248 3554 487 3623 coniungeretur
507 3570 576 3609 cnm
593 3571 723 3610 munera
839 3557 856 3611 9
873 3554 973 3612 uictor
992 3559 1158 3628 appellatio
