2634 3892
40 141 44 148 ·
161 115 215 170 338
598 127 737 167 nsorxm

234 273 409 328 Monfeleon
425 288 499 326 mus
513 272 613 342 Lugd.
626 273 686 340 104,
697 271 750 327 508
768 271 882 326 Allmer
904 277 934 327 et
946 271 1074 327 Dissard
1091 273 1181 328 Inser.

164 347 204 400 de
221 345 310 414 Lyon
328 345 370 398 IV
389 360 417 414 p.
431 343 484 396 124
565 358 664 398 annus
682 345 836 398 iudicatur
854 343 916 410 552,
936 345 1080 414 quoniam
1099 343 1182 414 Lug-

165 418 239 472 duni
259 417 298 470 ab
317 416 433 469 Iustino
449 430 515 470 eos.
535 414 589 469 540
609 419 772 484 sequentes
792 416 864 468 enni
883 419 954 469 sunt
973 416 1183 485 pernumerati

206 543 210 550 ,
234 488 251 542 2
270 489 393 541 centeno
412 486 533 542 consule
551 486 638 541 Mart.
658 486 730 541 VIII
748 485 830 552 45,4

643 595 707 659 712

162 720 304 805 Fulgida
326 740 429 805 regna
451 725 574 804 petens,
599 718 732 784 caelesti
755 724 841 784 sorte
863 724 998 784 uocatus

162 826 261 894 Lucis
284 825 503 892 etaetheriae
526 825 689 910 penitrans
712 824 845 908 fastigia
867 825 972 890 laetus

164 934 312 1019 Optimus
336 938 432 1016 atque
456 931 528 1016 pius
550 951 634 996 nune
657 931 861 997 Florentinus
884 932 917 995 in
941 932 1002 996 isto

163 1039 355 1125 Resplendit
377 1039 496 1103 tumolo
519 1037 642 1102 meritis
665 1037 885 1103 sanctissimus
908 1038 1041 1125 abbae,¹

139 1147 274 1211 sEffera
297 1147 351 1230 qui
377 1143 538 1227 quondam
560 1145 690 1229 linguae
714 1143 909 1210 descrimine
932 1144 1061 1209 ealeans

163 1255 247 1335 Neq.
272 1259 384 1337 optare
407 1251 525 1316 malum
548 1250 670 1315 studuit
692 1271 754 1316 nee
776 1249 907 1315 laedere
931 1269 1132 1333 quemquam,

164 1360 293 1425 Terruit
315 1360 384 1443 ipse
408 1364 515 1423 tamen
538 1356 650 1421 iaoiles
673 1355 731 1422 sed
754 1356 883 1441 publice
905 1355 1013 1421 uerbis

46 1498 52 1507 ·
163 1467 310 1532 Iustitiae
334 1465 492 1531 tramitem
517 1483 648 1529 seruans
673 1483 743 1528 oum
767 1483 848 1549 paee
871 1470 1017 1549 paterna,

164 1573 284 1641 Nescia
307 1569 433 1636 iurandi
457 1569 602 1655 pandens
627 1570 796 1653 eonloquia
820 1570 952 1635 eunetis.

129 1704 156 1744 ιο
164 1679 273 1746 Verba
296 1677 372 1758 dle)i
395 1676 507 1741 sollers
530 1683 598 1741 toto
623 1675 664 1740 de
687 1682 818 1760 pectore
841 1676 985 1760 promsit,

166 1785 287 1851 Sancta
311 1784 425 1866 quibus
449 1782 595 1864 d(omi)ni
619 1788 771 1848 resonant
793 1783 967 1866 praeconia
990 1802 1115 1867 semper

164 1892 272 1974 Atque
295 1889 491 1976 perassiduis
515 1890 723 1954 consentibus
746 1887 879 1954 aethera
901 1886 1066 1972 plaudent,

164 1998 257 2063 Bella
280 2017 395 2080 gerens
420 1996 525 2061 carnis
547 1989 701 2080 pestifera
724 1995 805 2060 uitia
828 2000 950 2076 contra,

165 2104 429 2187 Belligeransque
452 2102 560 2187 palam
583 2102 769 2167 saeuissime
792 2101 915 2185 proelia
938 2101 1027 2166 uicit.

130 2232 156 2274 1⁵
165 2211 225 2276 Ast
249 2210 324 2274 hine
349 2210 435 2274 celsa
458 2208 524 2291 poli
548 2207 679 2292 capiens
702 2207 767 2272 iam
789 2208 934 2291 praemia
956 2207 1035 2272 felix

166 2317 357 2383 Sanctorum
381 2316 486 2380 sosius
509 2314 624 2379 fruitur
647 2334 719 2379 oum
742 2313 838 2380 laude
863 2334 1023 2379 eoronam.

165 2459 269 2524 Huius
291 2477 429 2539 namque
451 2455 513 2520 uiri
538 2476 654 2541 eorpus
676 2476 734 2540 per
758 2462 874 2521 cuneta
897 2462 1058 2520 sacratum

165 2563 357 2630 Iamdudum
380 2562 551 2628 aduectum
575 2562 721 2643 dlomi)ni
746 2582 816 2627 eum
840 2560 988 2628 laudibus
1011 2562 1127 2647 amplis

166 2671 395 2736 Constantinus
419 2689 518 2734 ouans
541 2670 648 2753 posuit
670 2668 828 2733 faeliciter
851 2669 953 2734 abbas

129 2777 255 2862 mIntra
277 2776 373 2840 beate
397 2777 501 2840 crusis
524 2774 665 2840 condens
688 2773 821 2858 fastigia
844 2794 966 2858 saurae,

165 2884 236 2951 Neo
259 2903 323 2948 uon
346 2888 379 2946 et
402 2881 514 2945 tumuli
537 2881 678 2966 pretiosa
702 2882 844 2965 tegmina
867 2880 996 2946 firmans

166 2988 366 3056 Praestruxit
390 2986 494 3052 solida
518 3007 536 3051 e
561 2993 701 3052 crustato
724 3007 881 3053 marmore
905 2985 1040 3051 fulchra.

166 3094 327 3161 Adtamen
352 3095 475 3159 exactis
498 3094 562 3158 iam
586 3100 709 3178 septem
733 3093 870 3175 denique
893 3093 1011 3176 lustris,

168 3202 306 3267 Condita
330 3221 391 3283 quo
415 3200 542 3264 fuerant
565 3200 704 3284 praefati
727 3200 871 3264 membra
894 3198 1073 3284 sepulchro,

132 3306 325 3373 rsEffulsere
348 3306 437 3372 Petri
461 3305 591 3371 tandem
615 3305 656 3371 de
679 3305 756 3372 sede
779 3306 866 3372 beati
981 3298 983 3302 ⁴

169 3412 259 3490 Quae
282 3413 420 3498 propriis
443 3414 564 3494 meritis
587 3413 732 3498 pandunt
756 3415 809 3478 hie
832 3414 925 3497 signa
949 3413 1061 3480 salutis

168 3517 391 3601 Virtutumque
416 3519 519 3601 simul,
543 3525 709 3603 praestent
734 3526 766 3584 et
790 3520 957 3585 commoda
980 3520 1072 3603 larga
