<?xml version="1.0" encoding="UTF-8"?>
<!DOCTYPE html PUBLIC "-//W3C//DTD XHTML 1.0 Transitional//EN"
    "http://www.w3.org/TR/xhtml1/DTD/xhtml1-transitional.dtd">
<html xmlns="http://www.w3.org/1999/xhtml" xml:lang="en" lang="en">
 <head>
  <title>
</title>
<meta http-equiv="Content-Type" content="text/html;charset=utf-8" />
  <meta name='ocr-system' content='tesseract 3.04.00' />
  <meta name='ocr-capabilities' content='ocr_page ocr_carea ocr_par ocr_line ocrx_word'/>
</head>
<body>
  <div class='ocr_page' id='page_1' title='image "./anthologialatin00lommgoog_0079.png"; bbox 0 0 2646 3884; ppageno 0'>
   <div class='ocr_carea' id='block_1_1' title="bbox 154 158 714 213">
    <p class='ocr_par' dir='ltr' id='par_1_1' title="bbox 154 158 714 213">
     <span class='ocr_line' id='line_1_1' title="bbox 154 158 714 213; baseline -0.011 0"><span class='ocrx_word' id='word_1_1' title='bbox 154 158 197 213; x_wconf 79' lang='lat'>46</span> <span class='ocrx_word' id='word_1_2' title='bbox 623 169 714 210; x_wconf 67' lang='lat' dir='ltr'>lemur</span> 
     </span>
    </p>
   </div>
   <div class='ocr_carea' id='block_1_2' title="bbox 128 316 1077 1043">
    <p class='ocr_par' dir='ltr' id='par_1_2' title="bbox 128 316 1077 1043">
     <span class='ocr_line' id='line_1_2' title="bbox 158 316 872 402; baseline -0.001 -18"><span class='ocrx_word' id='word_1_3' title='bbox 158 319 396 384; x_wconf 85' lang='lat' dir='ltr'><strong>Monumentum</strong></span> <span class='ocrx_word' id='word_1_4' title='bbox 418 316 543 402; x_wconf 90' lang='lat' dir='ltr'>apsolui</span> <span class='ocrx_word' id='word_1_5' title='bbox 566 322 599 381; x_wconf 87' lang='lat' dir='ltr'>et</span> <span class='ocrx_word' id='word_1_6' title='bbox 621 316 767 402; x_wconf 89' lang='lat' dir='ltr'>impensa</span> <span class='ocrx_word' id='word_1_7' title='bbox 788 337 872 400; x_wconf 86' lang='lat' dir='ltr'>mea,</span> 
     </span>
     <span class='ocr_line' id='line_1_3' title="bbox 160 422 890 508; baseline -0.001 -18"><span class='ocrx_word' id='word_1_8' title='bbox 160 424 267 491; x_wconf 88' lang='lat' dir='ltr'>amica</span> <span class='ocrx_word' id='word_1_9' title='bbox 290 424 400 490; x_wconf 81' lang='lat' dir='ltr'>Tellus</span> <span class='ocrx_word' id='word_1_10' title='bbox 423 430 458 488; x_wconf 90' lang='lat' dir='ltr'>ut</span> <span class='ocrx_word' id='word_1_11' title='bbox 481 422 537 489; x_wconf 90' lang='lat' dir='ltr'>det</span> <span class='ocrx_word' id='word_1_12' title='bbox 559 423 733 508; x_wconf 83' lang='lat' dir='ltr'>hospitium</span> <span class='ocrx_word' id='word_1_13' title='bbox 756 424 890 507; x_wconf 88' lang='lat' dir='ltr'>ossibus,</span> 
     </span>
     <span class='ocr_line' id='line_1_4' title="bbox 128 529 958 616; baseline -0.004 -18"><span class='ocrx_word' id='word_1_14' title='bbox 128 531 244 616; x_wconf 67' lang='lat' dir='ltr'>equod</span> <span class='ocrx_word' id='word_1_15' title='bbox 267 551 376 597; x_wconf 91' lang='lat' dir='ltr'>omnes</span> <span class='ocrx_word' id='word_1_16' title='bbox 399 538 514 614; x_wconf 87' lang='lat' dir='ltr'>rogant</span> <span class='ocrx_word' id='word_1_17' title='bbox 537 529 595 596; x_wconf 90' lang='lat' dir='ltr'>sed</span> <span class='ocrx_word' id='word_1_18' title='bbox 618 529 729 596; x_wconf 85' lang='lat' dir='ltr'>felices</span> <span class='ocrx_word' id='word_1_19' title='bbox 752 530 958 615; x_wconf 67' lang='lat' dir='ltr'>impetrant*</span> 
     </span>
     <span class='ocr_line' id='line_1_5' title="bbox 159 637 1077 723; baseline 0.002 -20"><span class='ocrx_word' id='word_1_20' title='bbox 159 660 233 704; x_wconf 89' lang='lat' dir='ltr'>nam</span> <span class='ocrx_word' id='word_1_21' title='bbox 257 638 333 721; x_wconf 90' lang='lat' dir='ltr'>quid</span> <span class='ocrx_word' id='word_1_22' title='bbox 356 639 521 722; x_wconf 82' lang='lat' dir='ltr'>egregium</span> <span class='ocrx_word' id='word_1_23' title='bbox 544 637 663 720; x_wconf 90' lang='lat' dir='ltr'>quidue</span> <span class='ocrx_word' id='word_1_24' title='bbox 687 637 878 722; x_wconf 87' lang='lat' dir='ltr'>cupiendum</span> <span class='ocrx_word' id='word_1_25' title='bbox 901 644 950 703; x_wconf 93' lang='lat' dir='ltr'>est</span> <span class='ocrx_word' id='word_1_26' title='bbox 972 640 1077 723; x_wconf 84' lang='lat' dir='ltr'>magis</span> 
     </span>
     <span class='ocr_line' id='line_1_6' title="bbox 159 744 844 830; baseline -0.004 -19"><span class='ocrx_word' id='word_1_27' title='bbox 159 767 254 830; x_wconf 90' lang='lat' dir='ltr'>qnam</span> <span class='ocrx_word' id='word_1_28' title='bbox 277 747 340 812; x_wconf 89' lang='lat' dir='ltr'>ube</span> <span class='ocrx_word' id='word_1_29' title='bbox 361 746 465 811; x_wconf 86' lang='lat' dir='ltr'>lucem</span> <span class='ocrx_word' id='word_1_30' title='bbox 488 744 647 810; x_wconf 81' lang='lat' dir='ltr'>libertatis</span> <span class='ocrx_word' id='word_1_31' title='bbox 670 746 844 829; x_wconf 83' lang='lat' dir='ltr'>acceperis,</span> 
     </span>
     <span class='ocr_line' id='line_1_7' title="bbox 156 850 895 937; baseline -0.004 -19"><span class='ocrx_word' id='word_1_32' title='bbox 156 854 276 920; x_wconf 89' lang='lat' dir='ltr'>lassam</span> <span class='ocrx_word' id='word_1_33' title='bbox 300 859 449 919; x_wconf 82' lang='lat' dir='ltr'>senectae</span> <span class='ocrx_word' id='word_1_34' title='bbox 472 851 618 937; x_wconf 90' lang='lat' dir='ltr'>spiritum</span> <span class='ocrx_word' id='word_1_35' title='bbox 641 851 687 916; x_wconf 92' lang='lat' dir='ltr'>ibi</span> <span class='ocrx_word' id='word_1_36' title='bbox 712 850 895 935; x_wconf 80' lang='lat' dir='ltr'>deponere?</span> 
     </span>
     <span class='ocr_line' id='line_1_8' title="bbox 155 958 873 1043; baseline -0.001 -19"><span class='ocrx_word' id='word_1_37' title='bbox 155 960 245 1043; x_wconf 89' lang='lat' dir='ltr'>quod</span> <span class='ocrx_word' id='word_1_38' title='bbox 268 959 446 1024; x_wconf 84' lang='lat' dir='ltr'>innocentis</span> <span class='ocrx_word' id='word_1_39' title='bbox 469 958 595 1042; x_wconf 82' lang='lat' dir='ltr'>signum</span> <span class='ocrx_word' id='word_1_40' title='bbox 619 964 668 1023; x_wconf 88' lang='lat' dir='ltr'>est</span> <span class='ocrx_word' id='word_1_41' title='bbox 690 959 873 1023; x_wconf 84' lang='lat' dir='ltr'>maximum.</span> 
     </span>
    </p>
   </div>
   <div class='ocr_carea' id='block_1_3' title="bbox 155 1116 1176 2183">
    <p class='ocr_par' dir='ltr' id='par_1_3' title="bbox 155 1116 1175 1470">
     <span class='ocr_line' id='line_1_9' title="bbox 232 1116 1175 1186; baseline -0.002 -13"><span class='ocrx_word' id='word_1_42' title='bbox 232 1117 304 1174; x_wconf 85' lang='lat' dir='ltr'>CIL.</span> <span class='ocrx_word' id='word_1_43' title='bbox 317 1118 358 1172; x_wconf 90' lang='lat' dir='ltr'>VI</span> <span class='ocrx_word' id='word_1_44' title='bbox 371 1117 441 1171; x_wconf 81' lang='grc'>9632</span> <span class='ocrx_word' id='word_1_45' title='bbox 460 1133 499 1171; x_wconf 82' lang='lat' dir='ltr'>ex</span> <span class='ocrx_word' id='word_1_46' title='bbox 519 1117 646 1171; x_wconf 88' lang='lat' dir='ltr'>schedis.</span> <span class='ocrx_word' id='word_1_47' title='bbox 683 1116 745 1170; x_wconf 86' lang='lat' dir='ltr'>AL.</span> <span class='ocrx_word' id='word_1_48' title='bbox 758 1116 924 1172; x_wconf 84' lang='lat' dir='ltr'>Burmanni</span> <span class='ocrx_word' id='word_1_49' title='bbox 944 1118 985 1172; x_wconf 92' lang='lat' dir='ltr'>IV</span> <span class='ocrx_word' id='word_1_50' title='bbox 997 1117 1041 1183; x_wconf 88' lang='lat'>30,</span> <span class='ocrx_word' id='word_1_51' title='bbox 1059 1117 1175 1186; x_wconf 86' lang='lat' dir='ltr'>Meyeri</span> 
     </span>
     <span class='ocr_line' id='line_1_10' title="bbox 162 1188 1175 1258; baseline 0 -15"><span class='ocrx_word' id='word_1_52' title='bbox 162 1190 229 1243; x_wconf 88' lang='lat'>1181</span> <span class='ocrx_word' id='word_1_53' title='bbox 349 1189 463 1242; x_wconf 87' lang='lat' dir='ltr'>Romae</span> <span class='ocrx_word' id='word_1_54' title='bbox 594 1190 815 1258; x_wconf 85' lang='lat' dir='ltr'>praescriptum</span> <span class='ocrx_word' id='word_1_55' title='bbox 833 1190 868 1242; x_wconf 89' lang='lat' dir='ltr'>L.</span> <span class='ocrx_word' id='word_1_56' title='bbox 894 1188 1032 1244; x_wconf 81' lang='lat' dir='ltr'>Valerius</span> <span class='ocrx_word' id='word_1_57' title='bbox 1049 1190 1175 1243; x_wconf 84' lang='lat' dir='ltr'>Zabdae</span> 
     </span>
     <span class='ocr_line' id='line_1_11' title="bbox 155 1256 1175 1330; baseline -0.002 -15"><span class='ocrx_word' id='word_1_58' title='bbox 155 1258 339 1315; x_wconf 77' lang='lat' dir='ltr'>mercatoris</span> <span class='ocrx_word' id='word_1_59' title='bbox 365 1256 498 1314; x_wconf 79' lang='lat' dir='ltr'>acantici</span> <span class='ocrx_word' id='word_1_60' title='bbox 523 1260 541 1312; x_wconf 88' lang='lat' dir='ltr'>l.</span> <span class='ocrx_word' id='word_1_61' title='bbox 561 1260 657 1313; x_wconf 78' lang='lat' dir='ltr'>Aries.</span> <span class='ocrx_word' id='word_1_62' title='bbox 692 1260 801 1314; x_wconf 83' lang='lat' dir='ltr'>dextra</span> <span class='ocrx_word' id='word_1_63' title='bbox 826 1261 908 1329; x_wconf 81' lang='lat' dir='ltr'>lynx,</span> <span class='ocrx_word' id='word_1_64' title='bbox 937 1262 1059 1314; x_wconf 84' lang='lat' dir='ltr'>sinistra</span> <span class='ocrx_word' id='word_1_65' title='bbox 1083 1276 1175 1330; x_wconf 84' lang='lat' dir='ltr'>caper</span> 
     </span>
     <span class='ocr_line' id='line_1_12' title="bbox 159 1330 1175 1401; baseline 0.001 -16"><span class='ocrx_word' id='word_1_66' title='bbox 159 1332 272 1385; x_wconf 85' lang='lat' dir='ltr'>rodens</span> <span class='ocrx_word' id='word_1_67' title='bbox 295 1333 389 1384; x_wconf 88' lang='lat' dir='ltr'>uitem</span> <span class='ocrx_word' id='word_1_68' title='bbox 414 1332 502 1385; x_wconf 86' lang='lat' dir='ltr'>fictus</span> <span class='ocrx_word' id='word_1_69' title='bbox 526 1338 600 1384; x_wconf 84' lang='lat' dir='ltr'>erat.</span> <span class='ocrx_word' id='word_1_70' title='bbox 637 1332 754 1385; x_wconf 87' lang='lat' dir='ltr'>iambos</span> <span class='ocrx_word' id='word_1_71' title='bbox 774 1330 911 1401; x_wconf 82' lang='lat' dir='ltr'>Scaliger</span> <span class='ocrx_word' id='word_1_72' title='bbox 939 1333 1049 1401; x_wconf 81' lang='lat' dir='ltr'>dignos</span> <span class='ocrx_word' id='word_1_73' title='bbox 1068 1330 1175 1386; x_wconf 67' lang='lat' dir='ltr'>&#39;existi-</span> 
     </span>
     <span class='ocr_line' id='line_1_13' title="bbox 155 1403 741 1470; baseline 0.002 -15"><span class='ocrx_word' id='word_1_74' title='bbox 155 1417 259 1456; x_wconf 86' lang='lat' dir='ltr'>masse</span> <span class='ocrx_word' id='word_1_75' title='bbox 277 1404 374 1456; x_wconf 80' lang='lat' dir='ltr'>tertur</span> <span class='ocrx_word' id='word_1_76' title='bbox 392 1406 497 1456; x_wconf 85' lang='lat' dir='ltr'>uetere</span> <span class='ocrx_word' id='word_1_77' title='bbox 516 1409 607 1470; x_wconf 89' lang='lat' dir='ltr'>poeta</span> <span class='ocrx_word' id='word_1_78' title='bbox 627 1403 741 1456; x_wconf 91' lang='lat' dir='ltr'>comico</span> 
     </span>
    </p>

    <p class='ocr_par' dir='ltr' id='par_1_4' title="bbox 157 1471 1176 2110">
     <span class='ocr_line' id='line_1_14' title="bbox 234 1471 1175 1541; baseline 0.002 -15"><span class='ocrx_word' id='word_1_79' title='bbox 234 1475 249 1525; x_wconf 91' lang='lat'>1</span> <span class='ocrx_word' id='word_1_80' title='bbox 268 1472 286 1526; x_wconf 78' lang='lat'><strong>2</strong></span> <span class='ocrx_word' id='word_1_81' title='bbox 305 1471 393 1526; x_wconf 89' lang='lat' dir='ltr'>Ouidi</span> <span class='ocrx_word' id='word_1_82' title='bbox 414 1472 563 1526; x_wconf 89' lang='lat' dir='ltr'>distichon</span> <span class='ocrx_word' id='word_1_83' title='bbox 582 1488 621 1526; x_wconf 86' lang='lat' dir='ltr'>ex</span> <span class='ocrx_word' id='word_1_84' title='bbox 640 1474 776 1527; x_wconf 86' lang='lat' dir='ltr'>tristibus</span> <span class='ocrx_word' id='word_1_85' title='bbox 790 1473 804 1526; x_wconf 91' lang='grc' dir='ltr'>Ι</span> <span class='ocrx_word' id='word_1_86' title='bbox 817 1474 859 1539; x_wconf 83' lang='grc'>11,</span> <span class='ocrx_word' id='word_1_87' title='bbox 871 1474 903 1526; x_wconf 95' lang='grc'>11</span> <span class='ocrx_word' id='word_1_88' title='bbox 918 1475 971 1527; x_wconf 89' lang='lat' dir='ltr'>ubi</span> <span class='ocrx_word' id='word_1_89' title='bbox 984 1475 1093 1541; x_wconf 81' lang='lat' dir='ltr'>stupor</span> <span class='ocrx_word' id='word_1_90' title='bbox 1105 1471 1175 1528; x_wconf 80' lang='lat' dir='ltr'>huic</span> 
     </span>
     <span class='ocr_line' id='line_1_15' title="bbox 157 1543 1175 1612; baseline 0 -14"><span class='ocrx_word' id='word_1_91' title='bbox 157 1548 192 1598; x_wconf 85' lang='lat' dir='ltr'>et</span> <span class='ocrx_word' id='word_1_92' title='bbox 210 1559 288 1598; x_wconf 82' lang='lat' dir='ltr'>cura</span> <span class='ocrx_word' id='word_1_93' title='bbox 306 1558 392 1597; x_wconf 80' lang='lat' dir='ltr'>meos</span> <span class='ocrx_word' id='word_1_94' title='bbox 410 1543 546 1597; x_wconf 74' lang='lat' dir='ltr'>relocata</span> <span class='ocrx_word' id='word_1_95' title='bbox 566 1550 610 1598; x_wconf 86' lang='lat' dir='ltr'>cst</span> <span class='ocrx_word' id='word_1_96' title='bbox 719 1545 736 1597; x_wconf 92' lang='lat'><strong>3</strong></span> <span class='ocrx_word' id='word_1_97' title='bbox 755 1546 858 1598; x_wconf 82' lang='lat' dir='ltr'>sumtu</span> <span class='ocrx_word' id='word_1_98' title='bbox 877 1546 905 1597; x_wconf 86' lang='lat' dir='ltr'>et</span> <span class='ocrx_word' id='word_1_99' title='bbox 923 1543 1064 1612; x_wconf 80' lang='lat' dir='ltr'>ioupeasa</span> <span class='ocrx_word' id='word_1_100' title='bbox 1085 1545 1175 1598; x_wconf 90' lang='lat' dir='ltr'>inter·</span> 
     </span>
     <span class='ocr_line' id='line_1_16' title="bbox 159 1614 1176 1684; baseline 0.001 -16"><span class='ocrx_word' id='word_1_101' title='bbox 159 1615 297 1684; x_wconf 90' lang='lat' dir='ltr'>polatum</span> <span class='ocrx_word' id='word_1_102' title='bbox 317 1620 362 1668; x_wconf 90' lang='lat' dir='ltr'>est</span> <span class='ocrx_word' id='word_1_103' title='bbox 381 1614 447 1669; x_wconf 83' lang='lat' dir='ltr'>siue</span> <span class='ocrx_word' id='word_1_104' title='bbox 466 1615 659 1669; x_wconf 84' lang='lat' dir='ltr'>emendatum</span> <span class='ocrx_word' id='word_1_105' title='bbox 679 1617 710 1668; x_wconf 90' lang='lat' dir='ltr'>in</span> <span class='ocrx_word' id='word_1_106' title='bbox 730 1616 835 1669; x_wconf 89' lang='lat' dir='ltr'>codice</span> <span class='ocrx_word' id='word_1_107' title='bbox 853 1615 947 1669; x_wconf 86' lang='lat' dir='ltr'>Paris.</span> <span class='ocrx_word' id='word_1_108' title='bbox 963 1616 1013 1668; x_wconf 87' lang='lat' dir='ltr'>lat.</span> <span class='ocrx_word' id='word_1_109' title='bbox 1027 1615 1105 1681; x_wconf 83' lang='grc'>8957,</span> <span class='ocrx_word' id='word_1_110' title='bbox 1125 1631 1176 1684; x_wconf 93' lang='lat' dir='ltr'>po-</span> 
     </span>
     <span class='ocr_line' id='line_1_17' title="bbox 158 1682 1176 1755; baseline -0.002 -15"><span class='ocrx_word' id='word_1_111' title='bbox 158 1691 220 1740; x_wconf 86' lang='lat' dir='ltr'>test</span> <span class='ocrx_word' id='word_1_112' title='bbox 239 1682 362 1754; x_wconf 79' lang='lat' dir='ltr'>apsoica‘</span> <span class='ocrx_word' id='word_1_113' title='bbox 380 1687 434 1740; x_wconf 86' lang='lat' dir='ltr'>boc</span> <span class='ocrx_word' id='word_1_114' title='bbox 453 1688 587 1754; x_wconf 78' lang='lat' dir='ltr'>opereat</span> <span class='ocrx_word' id='word_1_115' title='bbox 687 1686 704 1739; x_wconf 83' lang='lat'>5</span> <span class='ocrx_word' id='word_1_116' title='bbox 723 1688 829 1754; x_wconf 82' lang='lat' dir='ltr'>optant</span> <span class='ocrx_word' id='word_1_117' title='bbox 849 1686 914 1740; x_wconf 90' lang='lat' dir='ltr'>eod.</span> <span class='ocrx_word' id='word_1_118' title='bbox 925 1686 1020 1740; x_wconf 88' lang='lat' dir='ltr'>Paris.</span> <span class='ocrx_word' id='word_1_119' title='bbox 1039 1685 1176 1755; x_wconf 71' lang='lat' dir='ltr'>repitent</span> 
     </span>
     <span class='ocr_line' id='line_1_18' title="bbox 157 1755 1175 1827; baseline -0.001 -15"><span class='ocrx_word' id='word_1_120' title='bbox 157 1756 299 1827; x_wconf 81' lang='lat' dir='ltr'>Scaliger</span> <span class='ocrx_word' id='word_1_121' title='bbox 403 1757 420 1811; x_wconf 83' lang='lat'>6</span> <span class='ocrx_word' id='word_1_122' title='bbox 439 1759 538 1813; x_wconf 87' lang='lat' dir='ltr'>scribe</span> <span class='ocrx_word' id='word_1_123' title='bbox 557 1755 634 1827; x_wconf 83' lang='lat' dir='ltr'>quid</span> <span class='ocrx_word' id='word_1_124' title='bbox 652 1759 715 1811; x_wconf 85' lang='lat' dir='ltr'>tom</span> <span class='ocrx_word' id='word_1_125' title='bbox 734 1755 890 1827; x_wconf 68' lang='lat' dir='ltr'>cyreoium</span> <span class='ocrx_word' id='word_1_126' title='bbox 997 1757 1014 1810; x_wconf 83' lang='lat' dir='ltr'>‘l</span> <span class='ocrx_word' id='word_1_127' title='bbox 1034 1757 1175 1811; x_wconf 90' lang='lat' dir='ltr'>emenda-</span> 
     </span>
     <span class='ocr_line' id='line_1_19' title="bbox 160 1827 1175 1899; baseline 0.002 -18"><span class='ocrx_word' id='word_1_128' title='bbox 160 1829 244 1882; x_wconf 87' lang='lat' dir='ltr'>bitur</span> <span class='ocrx_word' id='word_1_129' title='bbox 263 1828 302 1882; x_wconf 91' lang='lat' dir='ltr'>ad</span> <span class='ocrx_word' id='word_1_130' title='bbox 321 1828 403 1882; x_wconf 89' lang='lat' dir='ltr'>huno</span> <span class='ocrx_word' id='word_1_131' title='bbox 421 1829 545 1882; x_wconf 88' lang='lat' dir='ltr'>modum</span> <span class='ocrx_word' id='word_1_132' title='bbox 559 1845 654 1899; x_wconf 83' lang='lat' dir='ltr'>quom</span> <span class='ocrx_word' id='word_1_133' title='bbox 666 1829 762 1883; x_wconf 79' lang='lat' dir='ltr'>locem</span> <span class='ocrx_word' id='word_1_134' title='bbox 775 1827 993 1883; x_wconf 70' lang='lat' dir='ltr'>libertatisobe</span> <span class='ocrx_word' id='word_1_135' title='bbox 1006 1830 1040 1881; x_wconf 85' lang='lat' dir='ltr'>tu</span> <span class='ocrx_word' id='word_1_136' title='bbox 1052 1844 1175 1897; x_wconf 76' lang='lat' dir='ltr'>aspecte-</span> 
     </span>
     <span class='ocr_line' id='line_1_20' title="bbox 157 1897 1176 1969; baseline 0.002 -16"><span class='ocrx_word' id='word_1_137' title='bbox 157 1897 209 1953; x_wconf 67' lang='lat' dir='ltr'>ria</span> <span class='ocrx_word' id='word_1_138' title='bbox 222 1904 275 1953; x_wconf 87' lang='lat' dir='ltr'>aut</span> <span class='ocrx_word' id='word_1_139' title='bbox 287 1901 343 1954; x_wconf 84' lang='lat' dir='ltr'>ube</span> <span class='ocrx_word' id='word_1_140' title='bbox 356 1900 374 1953; x_wconf 90' lang='lat' dir='ltr'>l.</span> <span class='ocrx_word' id='word_1_141' title='bbox 385 1900 404 1953; x_wconf 79' lang='lat' dir='ltr'>i.</span> <span class='ocrx_word' id='word_1_142' title='bbox 417 1898 554 1968; x_wconf 67' lang='lat' dir='ltr'>primum</span> <span class='ocrx_word' id='word_1_143' title='bbox 567 1916 593 1954; x_wconf 86' lang='lat' dir='ltr'>a.</span> <span class='ocrx_word' id='word_1_144' title='bbox 607 1901 661 1955; x_wconf 87' lang='lat' dir='ltr'>sed</span> <span class='ocrx_word' id='word_1_145' title='bbox 675 1901 858 1969; x_wconf 90' lang='lat' dir='ltr'>deprauauit</span> <span class='ocrx_word' id='word_1_146' title='bbox 871 1916 1013 1954; x_wconf 88' lang='lat' dir='ltr'>numeros</span> <span class='ocrx_word' id='word_1_147' title='bbox 1027 1898 1176 1955; x_wconf 77' lang='lat' dir='ltr'>libertatis</span> 
     </span>
     <span class='ocr_line' id='line_1_21' title="bbox 159 1971 1176 2039; baseline 0.001 -15"><span class='ocrx_word' id='word_1_148' title='bbox 159 1972 274 2025; x_wconf 91' lang='lat' dir='ltr'>mentio</span> <span class='ocrx_word' id='word_1_149' title='bbox 289 1972 409 2025; x_wconf 87' lang='lat' dir='ltr'>adiecta</span> <span class='ocrx_word' id='word_1_150' title='bbox 421 1973 452 2024; x_wconf 90' lang='lat' dir='ltr'>in</span> <span class='ocrx_word' id='word_1_151' title='bbox 466 1971 606 2026; x_wconf 87' lang='lat' dir='ltr'>libertino</span> <span class='ocrx_word' id='word_1_152' title='bbox 690 2032 692 2035; x_wconf 52' lang='grc'>,</span> <span class='ocrx_word' id='word_1_153' title='bbox 707 1973 724 2025; x_wconf 88' lang='grc'>8</span> <span class='ocrx_word' id='word_1_154' title='bbox 738 1972 854 2025; x_wconf 81' lang='lat' dir='ltr'>lassam</span> <span class='ocrx_word' id='word_1_155' title='bbox 866 1988 929 2025; x_wconf 91' lang='lat' dir='ltr'>non</span> <span class='ocrx_word' id='word_1_156' title='bbox 942 1972 1087 2025; x_wconf 88' lang='lat' dir='ltr'>conuenit</span> <span class='ocrx_word' id='word_1_157' title='bbox 1098 1974 1176 2039; x_wconf 82' lang='lat' dir='ltr'>uine,</span> 
     </span>
     <span class='ocr_line' id='line_1_22' title="bbox 159 2041 1058 2110; baseline -0.001 -14"><span class='ocrx_word' id='word_1_158' title='bbox 159 2041 268 2096; x_wconf 86' lang='lat' dir='ltr'>debuit</span> <span class='ocrx_word' id='word_1_159' title='bbox 286 2043 377 2096; x_wconf 88' lang='lat' dir='ltr'>scribi</span> <span class='ocrx_word' id='word_1_160' title='bbox 396 2043 514 2096; x_wconf 69' lang='lat' dir='ltr'>mesum</span> <span class='ocrx_word' id='word_1_161' title='bbox 536 2048 590 2096; x_wconf 90' lang='lat' dir='ltr'>aut</span> <span class='ocrx_word' id='word_1_162' title='bbox 615 2059 684 2097; x_wconf 89' lang='lat' dir='ltr'>cum</span> <span class='ocrx_word' id='word_1_163' title='bbox 702 2042 833 2098; x_wconf 85' lang='lat' dir='ltr'>Grutero</span> <span class='ocrx_word' id='word_1_164' title='bbox 853 2042 939 2110; x_wconf 78' lang='lat' dir='ltr'>o3i,5</span> <span class='ocrx_word' id='word_1_165' title='bbox 958 2043 1058 2096; x_wconf 77' lang='lat' dir='ltr'>lassae</span> 
     </span>
    </p>

    <p class='ocr_par' dir='ltr' id='par_1_5' title="bbox 185 2112 1077 2183">
     <span class='ocr_line' id='line_1_23' title="bbox 185 2112 1077 2183; baseline -0.001 -16"><span class='ocrx_word' id='word_1_166' title='bbox 185 2114 202 2167; x_wconf 87' lang='lat'><strong>9</strong></span> <span class='ocrx_word' id='word_1_167' title='bbox 220 2115 436 2183; x_wconf 73' lang='lat' dir='ltr'>arqumeotum</span> <span class='ocrx_word' id='word_1_168' title='bbox 456 2114 521 2168; x_wconf 85' lang='lat' dir='ltr'>cod.</span> <span class='ocrx_word' id='word_1_169' title='bbox 540 2113 635 2168; x_wconf 89' lang='lat' dir='ltr'>Paris.</span> <span class='ocrx_word' id='word_1_170' title='bbox 655 2114 733 2168; x_wconf 92' lang='lat' dir='ltr'>malo</span> <span class='ocrx_word' id='word_1_171' title='bbox 753 2114 833 2167; x_wconf 88' lang='lat' dir='ltr'>adici</span> <span class='ocrx_word' id='word_1_172' title='bbox 851 2112 976 2183; x_wconf 73' lang='lat' dir='ltr'>siquam</span> <span class='ocrx_word' id='word_1_173' title='bbox 993 2112 1077 2167; x_wconf 78' lang='lat' dir='ltr'>uitae</span> 
     </span>
    </p>
   </div>
   <div class='ocr_carea' id='block_1_4' title="bbox 647 2266 767 2356">
    <p class='ocr_par' dir='ltr' id='par_1_6' title="bbox 647 2266 767 2356">
     <span class='ocr_line' id='line_1_24' title="bbox 647 2266 767 2356; baseline -0.008 0"><span class='ocrx_word' id='word_1_174' title='bbox 647 2266 767 2356; x_wconf 84' lang='lat' dir='ltr'>oo</span> 
     </span>
    </p>
   </div>
   <div class='ocr_carea' id='block_1_5' title="bbox 134 2416 1038 2929">
    <p class='ocr_par' dir='ltr' id='par_1_7' title="bbox 134 2416 1038 2929">
     <span class='ocr_line' id='line_1_25' title="bbox 158 2416 970 2501; baseline -0.002 -20"><span class='ocrx_word' id='word_1_175' title='bbox 158 2416 289 2483; x_wconf 87' lang='lat' dir='ltr'>Labore</span> <span class='ocrx_word' id='word_1_176' title='bbox 312 2424 345 2482; x_wconf 91' lang='lat' dir='ltr'>et</span> <span class='ocrx_word' id='word_1_177' title='bbox 369 2436 444 2482; x_wconf 86' lang='lat' dir='ltr'>cura</span> <span class='ocrx_word' id='word_1_178' title='bbox 466 2420 559 2482; x_wconf 88' lang='lat' dir='ltr'>uiuos</span> <span class='ocrx_word' id='word_1_179' title='bbox 582 2416 702 2501; x_wconf 87' lang='lat' dir='ltr'>perfeci</span> <span class='ocrx_word' id='word_1_180' title='bbox 726 2417 810 2482; x_wconf 90' lang='lat' dir='ltr'>hano</span> <span class='ocrx_word' id='word_1_181' title='bbox 832 2416 970 2498; x_wconf 85' lang='lat' dir='ltr'>domum,</span> 
     </span>
     <span class='ocr_line' id='line_1_26' title="bbox 159 2522 914 2604; baseline -0.003 -15"><span class='ocrx_word' id='word_1_182' title='bbox 159 2523 219 2590; x_wconf 90' lang='lat' dir='ltr'>sed</span> <span class='ocrx_word' id='word_1_183' title='bbox 244 2524 312 2588; x_wconf 85' lang='lat' dir='ltr'>filio</span> <span class='ocrx_word' id='word_1_184' title='bbox 337 2530 411 2588; x_wconf 89' lang='lat' dir='ltr'>ante</span> <span class='ocrx_word' id='word_1_185' title='bbox 435 2524 509 2589; x_wconf 88' lang='lat' dir='ltr'>huie</span> <span class='ocrx_word' id='word_1_186' title='bbox 532 2523 653 2589; x_wconf 91' lang='lat' dir='ltr'>homini</span> <span class='ocrx_word' id='word_1_187' title='bbox 676 2522 914 2604; x_wconf 82' lang='lat' dir='ltr'>iucundissimo,</span> 
     </span>
     <span class='ocr_line' id='line_1_27' title="bbox 161 2630 990 2716; baseline -0.002 -20"><span class='ocrx_word' id='word_1_188' title='bbox 161 2630 275 2716; x_wconf 90' lang='lat' dir='ltr'>paraui</span> <span class='ocrx_word' id='word_1_189' title='bbox 299 2631 399 2696; x_wconf 87' lang='lat' dir='ltr'>tribus</span> <span class='ocrx_word' id='word_1_190' title='bbox 422 2632 484 2696; x_wconf 88' lang='lat' dir='ltr'>ube</span> <span class='ocrx_word' id='word_1_191' title='bbox 508 2650 581 2696; x_wconf 91' lang='lat' dir='ltr'>ossa</span> <span class='ocrx_word' id='word_1_192' title='bbox 603 2640 713 2696; x_wconf 87' lang='lat' dir='ltr'>nostra</span> <span class='ocrx_word' id='word_1_193' title='bbox 736 2630 990 2713; x_wconf 86' lang='lat' dir='ltr'>adquiescerent.</span> 
     </span>
     <span class='ocr_line' id='line_1_28' title="bbox 161 2736 1038 2821; baseline -0.001 -18"><span class='ocrx_word' id='word_1_194' title='bbox 161 2759 246 2804; x_wconf 90' lang='lat' dir='ltr'>mors</span> <span class='ocrx_word' id='word_1_195' title='bbox 268 2758 320 2803; x_wconf 90' lang='lat' dir='ltr'>me</span> <span class='ocrx_word' id='word_1_196' title='bbox 344 2739 547 2821; x_wconf 85' lang='lat' dir='ltr'>adsequetur,</span> <span class='ocrx_word' id='word_1_197' title='bbox 572 2744 647 2803; x_wconf 88' lang='lat' dir='ltr'>tuno</span> <span class='ocrx_word' id='word_1_198' title='bbox 670 2737 748 2802; x_wconf 90' lang='lat' dir='ltr'>mibi</span> <span class='ocrx_word' id='word_1_199' title='bbox 770 2736 915 2803; x_wconf 91' lang='lat' dir='ltr'>demetur</span> <span class='ocrx_word' id='word_1_200' title='bbox 938 2737 1038 2803; x_wconf 90' lang='lat' dir='ltr'>dolor.</span> 
     </span>
     <span class='ocr_line' id='line_1_29' title="bbox 134 2845 916 2929; baseline 0 -19"><span class='ocrx_word' id='word_1_201' title='bbox 134 2846 268 2911; x_wconf 76' lang='lat' dir='ltr'>sualete</span> <span class='ocrx_word' id='word_1_202' title='bbox 292 2852 325 2910; x_wconf 90' lang='lat' dir='ltr'>et</span> <span class='ocrx_word' id='word_1_203' title='bbox 347 2865 504 2910; x_wconf 88' lang='lat' dir='ltr'>memores</span> <span class='ocrx_word' id='word_1_204' title='bbox 528 2845 605 2910; x_wconf 88' lang='lat' dir='ltr'>estis</span> <span class='ocrx_word' id='word_1_205' title='bbox 627 2845 783 2929; x_wconf 87' lang='lat' dir='ltr'>pietatem</span> <span class='ocrx_word' id='word_1_206' title='bbox 806 2845 916 2929; x_wconf 89' lang='lat' dir='ltr'>patris.</span> 
     </span>
    </p>
   </div>
   <div class='ocr_carea' id='block_1_6' title="bbox 159 3002 1175 3645">
    <p class='ocr_par' dir='ltr' id='par_1_8' title="bbox 162 3002 1174 3216">
     <span class='ocr_line' id='line_1_30' title="bbox 234 3002 1174 3070; baseline -0.004 -11"><span class='ocrx_word' id='word_1_207' title='bbox 234 3003 306 3059; x_wconf 88' lang='lat' dir='ltr'>CIL.</span> <span class='ocrx_word' id='word_1_208' title='bbox 326 3004 369 3058; x_wconf 89' lang='lat' dir='ltr'>IX</span> <span class='ocrx_word' id='word_1_209' title='bbox 387 3005 458 3059; x_wconf 83' lang='grc'>3895</span> <span class='ocrx_word' id='word_1_210' title='bbox 482 3005 577 3059; x_wconf 86' lang='lat' dir='ltr'>deser.</span> <span class='ocrx_word' id='word_1_211' title='bbox 597 3003 770 3058; x_wconf 85' lang='lat' dir='ltr'>Mommsen.</span> <span class='ocrx_word' id='word_1_212' title='bbox 790 3002 851 3058; x_wconf 90' lang='lat' dir='ltr'>AL.</span> <span class='ocrx_word' id='word_1_213' title='bbox 870 3003 1038 3057; x_wconf 85' lang='lat' dir='ltr'>Burmanni</span> <span class='ocrx_word' id='word_1_214' title='bbox 1058 3002 1099 3056; x_wconf 94' lang='lat' dir='ltr'>IV</span> <span class='ocrx_word' id='word_1_215' title='bbox 1112 3002 1174 3070; x_wconf 80' lang='lat'><strong>235,</strong></span> 
     </span>
     <span class='ocr_line' id='line_1_31' title="bbox 162 3073 1173 3156; baseline -0.001 -28"><span class='ocrx_word' id='word_1_216' title='bbox 162 3075 276 3145; x_wconf 87' lang='lat' dir='ltr'>Meyeri</span> <span class='ocrx_word' id='word_1_217' title='bbox 291 3076 362 3129; x_wconf 79' lang='lat'>1342</span> <span class='ocrx_word' id='word_1_218' title='bbox 456 3091 552 3156; x_wconf 89' lang='lat' dir='ltr'>prope</span> <span class='ocrx_word' id='word_1_219' title='bbox 565 3073 712 3128; x_wconf 79' lang='lat' dir='ltr'>Antinum</span> <span class='ocrx_word' id='word_1_220' title='bbox 725 3074 902 3128; x_wconf 86' lang='lat' dir='ltr'>Marsorum.</span> <span class='ocrx_word' id='word_1_221' title='bbox 922 3076 1173 3143; x_wconf 87' lang='lat' dir='ltr'>suprascriptum</span> 
     </span>
     <span class='ocr_line' id='line_1_32' title="bbox 166 3144 1050 3216; baseline -0.005 -15"><span class='ocrx_word' id='word_1_222' title='bbox 166 3148 196 3201; x_wconf 89' lang='grc' dir='ltr'>Τ.</span> <span class='ocrx_word' id='word_1_223' title='bbox 216 3144 350 3201; x_wconf 81' lang='lat' dir='ltr'>Peticc&#39;us</span> <span class='ocrx_word' id='word_1_224' title='bbox 368 3148 403 3200; x_wconf 87' lang='lat' dir='ltr'>L.</span> <span class='ocrx_word' id='word_1_225' title='bbox 421 3147 445 3215; x_wconf 81' lang='lat' dir='ltr'>f.</span> <span class='ocrx_word' id='word_1_226' title='bbox 467 3146 647 3216; x_wconf 73' lang='lat' dir='ltr'>Obaroryus.</span> <span class='ocrx_word' id='word_1_227' title='bbox 686 3148 782 3200; x_wconf 88' lang='lat' dir='ltr'>oratio</span> <span class='ocrx_word' id='word_1_228' title='bbox 802 3148 875 3200; x_wconf 88' lang='lat' dir='ltr'>satis</span> <span class='ocrx_word' id='word_1_229' title='bbox 894 3145 1050 3199; x_wconf 86' lang='lat' dir='ltr'>incondita</span> 
     </span>
    </p>

    <p class='ocr_par' dir='ltr' id='par_1_9' title="bbox 159 3217 1175 3645">
     <span class='ocr_line' id='line_1_33' title="bbox 233 3217 1173 3287; baseline -0.001 -17"><span class='ocrx_word' id='word_1_230' title='bbox 233 3218 251 3271; x_wconf 76' lang='lat'><strong>2</strong></span> <span class='ocrx_word' id='word_1_231' title='bbox 270 3219 360 3287; x_wconf 82' lang='lat' dir='ltr'>atque</span> <span class='ocrx_word' id='word_1_232' title='bbox 379 3217 449 3273; x_wconf 81' lang='lat' dir='ltr'>baio</span> <span class='ocrx_word' id='word_1_233' title='bbox 467 3217 681 3272; x_wconf 88' lang='lat' dir='ltr'>Lachmannus</span> <span class='ocrx_word' id='word_1_234' title='bbox 700 3223 735 3271; x_wconf 90' lang='lat' dir='ltr'>ut</span> <span class='ocrx_word' id='word_1_235' title='bbox 757 3223 819 3271; x_wconf 87' lang='lat' dir='ltr'>tres</span> <span class='ocrx_word' id='word_1_236' title='bbox 844 3218 886 3270; x_wconf 93' lang='lat' dir='ltr'>illi</span> <span class='ocrx_word' id='word_1_237' title='bbox 905 3218 1019 3270; x_wconf 85' lang='lat' dir='ltr'>fuerint</span> <span class='ocrx_word' id='word_1_238' title='bbox 1038 3221 1125 3286; x_wconf 90' lang='lat' dir='ltr'>pater</span> <span class='ocrx_word' id='word_1_239' title='bbox 1144 3221 1173 3270; x_wconf 87' lang='lat' dir='ltr'>ct</span> 
     </span>
     <span class='ocr_line' id='line_1_34' title="bbox 160 3288 1174 3358; baseline -0.002 -16"><span class='ocrx_word' id='word_1_240' title='bbox 160 3289 242 3342; x_wconf 87' lang='lat' dir='ltr'>filius</span> <span class='ocrx_word' id='word_1_241' title='bbox 271 3294 300 3343; x_wconf 90' lang='lat' dir='ltr'>et</span> <span class='ocrx_word' id='word_1_242' title='bbox 323 3305 431 3343; x_wconf 87' lang='lat' dir='ltr'>seruus</span> <span class='ocrx_word' id='word_1_243' title='bbox 457 3290 579 3343; x_wconf 87' lang='lat' dir='ltr'>domino</span> <span class='ocrx_word' id='word_1_244' title='bbox 604 3304 701 3342; x_wconf 89' lang='lat' dir='ltr'>carus.</span> <span class='ocrx_word' id='word_1_245' title='bbox 739 3289 818 3358; x_wconf 90' lang='lat' dir='ltr'>patri</span> <span class='ocrx_word' id='word_1_246' title='bbox 842 3294 871 3342; x_wconf 90' lang='lat' dir='ltr'>et</span> <span class='ocrx_word' id='word_1_247' title='bbox 895 3293 930 3341; x_wconf 90' lang='lat' dir='ltr'>ut</span> <span class='ocrx_word' id='word_1_248' title='bbox 954 3288 1062 3356; x_wconf 89' lang='lat' dir='ltr'>opinor</span> <span class='ocrx_word' id='word_1_249' title='bbox 1085 3289 1174 3340; x_wconf 87' lang='lat' dir='ltr'>matri</span> 
     </span>
     <span class='ocr_line' id='line_1_35' title="bbox 159 3359 1173 3430; baseline -0.003 -16"><span class='ocrx_word' id='word_1_250' title='bbox 159 3360 346 3414; x_wconf 86' lang='lat' dir='ltr'>destinatum</span> <span class='ocrx_word' id='word_1_251' title='bbox 366 3362 547 3430; x_wconf 89' lang='lat' dir='ltr'>sepulcrum,</span> <span class='ocrx_word' id='word_1_252' title='bbox 567 3376 636 3415; x_wconf 88' lang='lat' dir='ltr'>curn</span> <span class='ocrx_word' id='word_1_253' title='bbox 655 3361 734 3413; x_wconf 90' lang='lat' dir='ltr'>filius</span> <span class='ocrx_word' id='word_1_254' title='bbox 753 3364 824 3413; x_wconf 89' lang='lat' dir='ltr'>ante</span> <span class='ocrx_word' id='word_1_255' title='bbox 843 3366 981 3413; x_wconf 87' lang='lat' dir='ltr'>mortuus</span> <span class='ocrx_word' id='word_1_256' title='bbox 1001 3363 1087 3425; x_wconf 85' lang='lat' dir='ltr'>esset,</span> <span class='ocrx_word' id='word_1_257' title='bbox 1112 3359 1173 3411; x_wconf 92' lang='lat' dir='ltr'>iam</span> 
     </span>
     <span class='ocr_line' id='line_1_36' title="bbox 161 3428 1174 3501; baseline -0.003 -16"><span class='ocrx_word' id='word_1_258' title='bbox 161 3436 302 3501; x_wconf 87' lang='lat' dir='ltr'>paratum</span> <span class='ocrx_word' id='word_1_259' title='bbox 321 3434 418 3486; x_wconf 85' lang='lat' dir='ltr'>tribus</span> <span class='ocrx_word' id='word_1_260' title='bbox 438 3437 504 3487; x_wconf 88' lang='lat' dir='ltr'>crat</span> <span class='ocrx_word' id='word_1_261' title='bbox 603 3432 621 3486; x_wconf 86' lang='lat'><strong>3</strong></span> <span class='ocrx_word' id='word_1_262' title='bbox 639 3428 871 3501; x_wconf 79' lang='lat' dir='ltr'>adquiescerent</span> <span class='ocrx_word' id='word_1_263' title='bbox 888 3432 921 3483; x_wconf 89' lang='lat' dir='ltr'>in</span> <span class='ocrx_word' id='word_1_264' title='bbox 941 3434 1086 3498; x_wconf 90' lang='lat' dir='ltr'>quattuor</span> <span class='ocrx_word' id='word_1_265' title='bbox 1105 3445 1174 3484; x_wconf 88' lang='lat' dir='ltr'>oon·</span> 
     </span>
     <span class='ocr_line' id='line_1_37' title="bbox 159 3500 1174 3573; baseline -0.003 -16"><span class='ocrx_word' id='word_1_266' title='bbox 159 3503 239 3557; x_wconf 90' lang='lat' dir='ltr'>trahi</span> <span class='ocrx_word' id='word_1_267' title='bbox 250 3504 382 3572; x_wconf 87' lang='lat' dir='ltr'>syllabas</span> <span class='ocrx_word' id='word_1_268' title='bbox 394 3504 511 3559; x_wconf 90' lang='lat' dir='ltr'>ostendi</span> <span class='ocrx_word' id='word_1_269' title='bbox 523 3505 652 3573; x_wconf 88' lang='lat' dir='ltr'>primum</span> <span class='ocrx_word' id='word_1_270' title='bbox 664 3505 696 3556; x_wconf 91' lang='lat' dir='ltr'>in</span> <span class='ocrx_word' id='word_1_271' title='bbox 707 3501 893 3556; x_wconf 81' lang='lat' dir='ltr'>Fleckeiseni</span> <span class='ocrx_word' id='word_1_272' title='bbox 907 3502 1010 3555; x_wconf 89' lang='lat' dir='ltr'>annali</span> <span class='ocrx_word' id='word_1_273' title='bbox 1021 3500 1090 3556; x_wconf 84' lang='grc'><strong>1858</strong></span> <span class='ocrx_word' id='word_1_274' title='bbox 1100 3518 1128 3570; x_wconf 91' lang='lat' dir='ltr'>p.</span> <span class='ocrx_word' id='word_1_275' title='bbox 1139 3501 1174 3555; x_wconf 89' lang='grc'>69</span> 
     </span>
     <span class='ocr_line' id='line_1_38' title="bbox 159 3573 1175 3645; baseline -0.001 -17"><span class='ocrx_word' id='word_1_276' title='bbox 159 3577 344 3644; x_wconf 88' lang='lat' dir='ltr'>comparatis</span> <span class='ocrx_word' id='word_1_277' title='bbox 364 3591 443 3645; x_wconf 85' lang='lat' dir='ltr'>quac</span> <span class='ocrx_word' id='word_1_278' title='bbox 463 3577 494 3630; x_wconf 92' lang='lat' dir='ltr'>in</span> <span class='ocrx_word' id='word_1_279' title='bbox 512 3577 578 3630; x_wconf 90' lang='lat' dir='ltr'>aliis</span> <span class='ocrx_word' id='word_1_280' title='bbox 592 3575 777 3629; x_wconf 86' lang='lat' dir='ltr'>carminibus</span> <span class='ocrx_word' id='word_1_281' title='bbox 796 3574 937 3627; x_wconf 89' lang='lat' dir='ltr'>binarum</span> <span class='ocrx_word' id='word_1_282' title='bbox 956 3577 1027 3626; x_wconf 89' lang='lat' dir='ltr'>sunt</span> <span class='ocrx_word' id='word_1_283' title='bbox 1046 3573 1175 3643; x_wconf 85' lang='lat' dir='ltr'>syllaba·</span> 
     </span>
    </p>
   </div>
   <div class='ocr_carea' id='block_1_7' title="bbox 0 0 1338 3884">
    <p class='ocr_par' dir='ltr' id='par_1_10' title="bbox 0 0 1338 3884">
     <span class='ocr_line' id='line_1_39' title="bbox 0 0 1338 3884; baseline 0 0"><span class='ocrx_word' id='word_1_284' title='bbox 0 0 1338 3884; x_wconf 95' lang='lat' dir='ltr'> </span> 
     </span>
    </p>
   </div>
  </div>
 </body>
</html>
