2648 3886
555 171 743 212 finxerimus

620 336 685 401 648

143 502 150 514 .
190 500 196 513 .
240 501 246 514 .
291 501 297 514 .
334 465 476 530 parentes
678 502 684 514 .
723 501 728 514 .
767 468 839 516 ‚est
857 463 914 517 sub
932 465 1020 519 terris
1038 466 1141 536 imago

144 593 150 605 .
189 549 377 619 .dederu]nt
396 551 500 605 oscula
518 555 610 606 natae
644 567 683 606 5.
722 592 727 604 .
766 553 1080 622 .ofspotmiipocpent

119 654 151 694 a.
190 681 196 694 .
241 681 247 694 .
292 681 298 694 .
341 656 457 711 penare
476 639 614 695 solebant

215 782 288 838 011..
306 783 335 837 X
353 784 424 838 7527
444 784 540 838 deser.
558 784 643 838 miles
663 783 772 852 aliquis
850 782 946 838 Sulcis
964 784 996 837 in
1016 782 1159 840 Sardinia

215 855 342 909 iaotrw
361 857 465 923 fertur,
488 856 506 909 3
524 871 546 908 n
564 856 595 908 in
612 870 728 923 penore
748 856 871 909 inuersa
891 858 1034 924 (sperare,
1055 857 1159 925 adpel-

142 928 209 981 lare
227 927 307 994 tale),
327 925 345 979 4
363 924 456 981 cerrus
474 925 572 980 isaaco

621 1071 687 1136 649

143 1197 236 1263 Eheu
260 1215 338 1280 quos
360 1194 454 1261 fletus
477 1197 593 1261 retinet
617 1195 745 1261 crudele
768 1196 960 1281 sepulcrum.

145 1303 189 1369 da
211 1303 312 1369 lector
335 1303 495 1368 lacrumas
518 1309 551 1368 et
574 1301 654 1368 duro
677 1301 808 1368 flectere
832 1323 918 1369 casu.

144 1410 199 1476 hio
223 1416 271 1476 est
294 1410 477 1496 Simplicius
500 1432 575 1475 narn
597 1410 708 1476 funere
730 1430 853 1476 mersus
877 1410 994 1477 acerbo

144 1516 253 1583 indole
276 1518 430 1600 sublimis,
453 1538 575 1583 morum
598 1519 760 1601 grauitate
783 1516 946 1600 colendus,

10 1658 13 1665 >
119 1625 329 1711 apraeclarus
352 1623 477 1708 studiis,
501 1625 613 1709 primis
636 1623 792 1710 deceptus
814 1626 848 1690 in
871 1627 973 1691 annis.

146 1731 200 1814 qui
224 1750 297 1796 cum
319 1738 353 1796 te
375 1750 419 1815 pu

145 1838 230 1903 ultra
253 1857 353 1903 annos
375 1837 504 1921 sapiens
526 1856 683 1921 praeceps
705 1837 774 1902 fata
796 1836 907 1903 inuida
929 1843 1066 1923 raptum,

35 1995 38 1999 .
145 1944 187 2010 de
210 1945 299 2010 ouius
323 1963 380 2028 spe
403 1943 594 2028 promittens
617 1943 679 2009 sibi
702 1943 839 2029 plurima
862 1949 965 2009 mater

145 2050 319 2117 immeritos
342 2051 450 2135 potius
472 2051 613 2135 suscepit
637 2057 727 2116 casta
750 2050 887 2134 dolores,

110 2178 206 2225 ronec
228 2159 360 2224 ualuere
383 2177 506 2242 preces,
531 2177 610 2240 quas
632 2157 761 2224 fuderat
783 2158 881 2224 anxia
904 2178 1007 2225 caras.

218 2334 290 2392 CIL.
310 2336 353 2390 IX
371 2335 443 2389 5012
586 2336 716 2391 Curibus
736 2334 856 2392 Sabinis
873 2337 905 2390 in
925 2335 1073 2391 coenobio
1092 2333 1162 2388 Far·

146 2409 233 2465 fensi.
270 2409 420 2478 principia
442 2423 589 2463 uersuum
612 2412 719 2462 extant
736 2409 896 2477 recognita
913 2423 932 2461 a
952 2404 1162 2473 Stevensonio,

146 2482 317 2552 posteriora
336 2480 523 2534 hemistichia
541 2480 602 2534 fide
620 2481 760 2534 nituntur
778 2478 908 2533 Iucundi
1034 2478 1163 2531 subscri·

147 2557 232 2622 ptum
251 2549 306 2620 qui
324 2548 406 2604 uixit
424 2566 496 2603 ann.
510 2550 609 2604 XIIII
622 2566 662 2604 m.
676 2552 720 2606 VI
734 2552 763 2605 d.
777 2550 809 2603 X
819 2549 983 2618 defunctus
995 2548 1048 2602 III
1062 2562 1162 2603 nonas

147 2623 227 2690 Sept.
247 2619 379 2675 Eusebio
398 2622 426 2675 et
449 2620 556 2701 Ypatio
575 2637 633 2676 coa.
652 2623 684 2676 id
704 2627 750 2677 est
768 2639 849 2678 anno
869 2621 922 2675 359
1155 2684 1161 2695 .

218 2692 363 2763 efacere
382 2694 488 2747 mersat
506 2693 612 2747 acerbo
631 2693 784 2764 Vergilius
918 2692 935 2745 6
955 2693 1097 2748 omiserat
1115 2690 1164 2745 Iu·

149 2764 267 2820 cundus
286 2764 373 2818 hiatu
391 2781 454 2820 non
471 2763 615 2819 indicato.
644 2765 782 2821 diffracto
801 2766 904 2835 lapide
922 2781 985 2821 non
999 2763 1164 2818 cohaerent

146 2838 165 2891 0
184 2840 214 2891 et
232 2836 257 2903 7,
278 2840 382 2890 tamen
400 2838 570 2891 sententiae
588 2837 661 2890 nihil
681 2837 774 2903 deest,
794 2838 924 2893 elocutio
945 2852 1006 2906 qua
1021 2835 1037 2889 ‘i
1051 2832 1163 2888 claudi-

61 2973 65 2981 ,
145 2914 198 2963 tur
216 2924 256 2962 ne
274 2922 330 2977 per
347 2922 379 2962 se
400 2908 522 2976 quidem
539 2911 632 2963 uacat
650 2909 832 2978 suspicione.
855 2925 923 2964 cum
941 2910 968 2961 te
983 2905 1077 2975 potho
1096 2919 1165 2958 cou-

146 2977 227 3048 cepit
246 2980 375 3047 pectore,
407 2977 542 3047 Christe]
562 2979 646 3033 ultra
668 2995 767 3035 aenos
785 2977 911 3049 sapiens
925 2994 1077 3049 praeceps
1093 2976 1164 3046 sata

149 3050 261 3105 inuida
279 3049 387 3118 obibat,
407 3051 514 3105 saltem
533 3052 644 3118 raptus
664 3051 863 3105 desideratur.
897 3057 929 3106 st
953 3053 999 3106 ter
1022 3050 1166 3122 qlegere

148 3122 206 3176 sibi
225 3123 310 3176 uisus
330 3122 510 3177 estRossIus
529 3122 618 3176 Inscr.
633 3122 732 3177 christ.
742 3122 827 3177 Rom.
840 3122 870 3176 II
885 3139 914 3192 p.
927 3122 981 3177 400
1000 3122 1166 3192 suppleuit·

147 3208 209 3263 que
228 3195 275 3246 ter
293 3190 404 3264 quises
423 3193 562 3247 noudum
580 3194 784 3262 compleuerat
802 3209 901 3249 aenos
1035 3194 1070 3248 10
1087 3194 1165 3264 lapis

148 3278 260 3320 uereor
278 3279 318 3320 ne
336 3264 478 3320 hahuerit
496 3262 581 3319 curio
600 3270 654 3319 aut
672 3281 748 3319 curo

627 3445 693 3510 650

640 3619 648 3634 .
716 3589 776 3639 uus
798 3571 936 3639 honores
