2648 3886
533 141 735 182 ‘nuxausrru
1098 130 1151 185 305
1248 133 1256 149 '

207 285 225 339 2
243 290 344 356 potest
362 302 482 357 quoque
500 287 603 353 fuisse,
622 288 654 340 in
673 294 809 342 extremo
829 288 908 357 pede
926 287 998 343 mite
1016 294 1071 344 aut
1088 288 1151 344 uite

171 357 189 412 3
207 373 257 411 mr
276 372 412 413 conexae
430 362 494 412 etr
511 359 639 413 inferius
658 359 791 413 adaucta
811 361 843 412 in
865 364 1082 414 transuersum.
1111 377 1151 415 an

133 426 455 500 f]orturta·rte9auit?
539 429 706 485 4fortasse
725 430 852 484 lucrum.
882 445 951 483 eum
969 446 999 484 u.
1018 432 1035 485 6
1054 437 1152 486 extre-

134 515 218 554 mum
245 501 376 555 uerbum
398 516 461 555 non
485 502 522 555 sit
544 501 706 571 integrum,
736 505 858 555 seruato
882 506 977 556 metro
1007 500 1152 571 cupidine

135 567 231 639 indta
248 572 391 635 restituas
409 571 512 626 licebit
624 571 641 625 5
660 573 800 626 contenta
817 571 1021 627 Mommsenus
1041 575 1093 642 qui
1112 590 1152 628 ex

135 641 240 710 primis
256 640 321 712 fuit
339 642 520 723 adsumpsit:
539 658 677 712 cooperta
696 643 890 712 descriptum.
919 645 1004 697 casta
1019 646 1046 697 et
1061 643 1152 715 frugi

133 709 199 782 fuit
218 714 294 767 coni.
313 712 386 781 Leo,
405 711 516 768 enotuit
532 715 634 769 Hense
742 714 879 768 dnooert
897 714 1037 769 traditur.
1068 731 1152 770 aero·

137 784 255 838 stichon
272 784 401 839 indicari
415 784 619 841 Mommsenus
637 786 724 853 uidit,
753 786 793 839 At
811 783 866 839 tibi
891 801 921 838 rt.
941 784 999 840 erit
1021 803 1041 839 a
1064 801 1088 840 a.
1107 785 1152 840 irr-

136 852 213 909 tuito
233 855 364 910 uersus?

614 929 680 993 644

137 1050 290 1117 Condidit
313 1052 366 1118 hio
388 1059 499 1119 natum
522 1052 634 1118 infelix
658 1052 817 1118 Boeontia
839 1059 943 1118 mater

136 1157 248 1223 funeta
338 1208 346 1224 .
502 1207 509 1224 .
602 1158 698 1243 [e]um
721 1180 839 1246 magno
862 1158 982 1242 dolore,

135 1265 262 1329 nomine
286 1270 318 1330 et
341 1265 442 1350 ipsius
465 1265 545 1331 situs
569 1272 619 1331 est
641 1266 816 1331 Boeontius
839 1266 957 1351 i[nfans

137 1372 191 1452 qui
214 1370 288 1435 tulit
310 1370 360 1437 bis
383 1372 475 1436 binos
499 1371 614 1456 [meses
637 1371 680 1456 et]
706 1371 868 1456 quattuo[r
891 1392 992 1438 annos

113 1478 191 1559 squi
215 1477 323 1543 effecit
414 1527 422 1543 .
531 1528 539 1544 .
649 1528 657 1544 .
767 1528 775 1544 .

208 1617 280 1674 CIL.
299 1619 344 1673 III
362 1620 433 1674 2616
452 1637 491 1676 ex
511 1621 629 1691 sylloge
647 1636 701 1675 ms.
720 1620 834 1675 Bartoli
953 1636 1049 1691 prope
1069 1619 1152 1677 Salo·

136 1705 201 1744 nas.
238 1692 448 1747 sinistrarum
466 1694 537 1747 uuis
556 1693 635 1757 uitis,
665 1693 775 1746 dextra
798 1693 909 1762 genius
929 1707 998 1747 cum
1022 1693 1091 1747 face
1109 1694 1152 1746 in-

137 1775 228 1816 uersa
246 1763 426 1817 uisebantur

208 1834 224 1886 1
242 1832 460 1888 Vocontiorum
481 1834 611 1888 nominis
630 1834 728 1903 prima
747 1834 910 1902 corripitur
1037 1834 1054 1887 2
1073 1835 1151 1889 inter

134 1903 244 1973 funeta
270 1908 301 1958 et
324 1920 437 1975 mapeo
460 1904 536 1959 haee
558 1904 722 1958 traduntur
741 1919 794 1974 eep
802 1903 906 1973 (super
925 1904 1006 1973 pieta
1026 1908 1055 1974 q)
1063 1920 1125 1959 uon
1145 1903 1149 1975 Ι

136 1973 231 2029 nimis
249 1990 322 2030 euos
341 1975 466 2030 socium
493 1976 518 2029 si
536 1980 620 2030 recte
631 1975 742 2045 functa
755 1976 900 2044 seriptum
913 1978 966 2041 est,
985 1977 1151 2043 requiritur

136 2045 205 2100 tulis
224 2046 382 2113 sententia,
402 2047 460 2100 hoe
480 2046 579 2101 officio
598 2047 799 2114 exequiarum
811 2050 939 2100 matrem
953 2051 1151 2114 praepostere

136 2117 272 2171 functam
292 2132 366 2173 esse.
395 2117 450 2171 sed
468 2118 599 2172 fortasse
614 2117 757 2187 functum
770 2118 835 2184 fuit,
855 2132 934 2171 aeuo
947 2114 1043 2170 nimis
1055 2131 1152 2185 angu-

137 2186 203 2242 sto?
312 2188 415 2243 dolore
433 2204 489 2258 pro
509 2189 611 2243 dolore
630 2189 737 2258 scripsi
839 2188 856 2242 3
874 2187 966 2256 ipseo
984 2188 1116 2241 traditur

172 2257 190 2311 4
208 2257 296 2314 birros
314 2259 420 2329 ufafaq
441 2262 445 2327 Ι
466 2259 718 2330 quaetoeoueines
737 2259 865 2313 Bartoli:
888 2273 984 2313 meses
1008 2263 1071 2312 tam
1090 2273 1152 2312 eer-

135 2334 199 2383 tum
212 2334 286 2399 puto
301 2346 394 2400 quam
410 2328 560 2400 quattuor
630 2331 648 2386 5
667 2327 1130 2401 quleffecithulastisbatisuaedo
1147 2326 1150 2398 i

134 2402 465 2471 mueaitauorpoertent
478 2402 617 2467 traditur,
628 2403 711 2457 unde
722 2402 903 2456 sententiam
914 2400 1040 2470 colligas
1050 2400 1152 2454 huius-

134 2470 229 2525 modi:
250 2473 349 2527 effeeit
367 2476 465 2527 morte
485 2488 542 2527 sua
560 2471 681 2537 (subitis
698 2470 807 2542 satiei)
826 2476 861 2525 ut
879 2486 918 2525 ne
933 2471 1039 2525 domus
1059 2470 1152 2524 ullam

135 2543 314 2610 progeniem
333 2542 448 2597 habere
466 2548 569 2613 posset

611 2633 678 2697 645

373 2757 445 2803 .en
468 2739 577 2804 ouri.
626 2788 633 2803 .
681 2737 742 2824 ,t

254 2894 261 2909 .
372 2846 430 2910 ‚si
454 2845 536 2910 seire
560 2843 717 2931 quad..l

253 3001 260 3016 .
370 2970 519 3037 .eorpus
541 2957 574 3017 et
596 2948 717 3038 ipsud!

135 3107 142 3124 .
253 3107 261 3123 .
353 3058 423 3144 pe]r
445 3077 534 3123 mare
556 3057 694 3124 Romam

116 3186 160 3251 η)
186 3162 269 3252 t·
380 3214 388 3230 ·
498 3211 506 3231 ·
617 3185 676 3247 ·.r

140 3272 251 3339 albens
273 3269 434 3358 insontis!
500 3319 508 3337 .
618 3317 626 3338 .

277 3428 284 3445 .
352 3378 472 3465 p]lures
494 3379 528 3443 in
551 3378 689 3443 Tartaro
710 3374 715 3464 Ι
734 3377 832 3442 misit.

204 3536 345 3594 Boissieu
363 3539 452 3593 inser.
471 3536 615 3608 Lugdun.
629 3553 658 3608 p.
672 3536 726 3591 475
843 3538 847 3546 ⁴
898 3534 1063 3604 fragmenti
1083 3550 1092 3587 r

186 3626 291 3671 Anthol.
304 3626 350 3672 lat.
363 3626 389 3671 11
954 3624 990 3679 20
