2648 3886
540 177 729 218 uuxaumru
1091 164 1149 220 23⁷

131 323 234 390 duleis
257 323 384 390 nomine
408 330 487 407 erat,
511 325 620 390 anima
643 344 769 408 quoque
793 325 918 391 dulcior
940 345 1052 410 usque,

131 449 193 512 que
215 451 375 513 nuequam
398 428 529 497 tetricos
553 431 620 515 egit
643 430 705 496 sibi
727 430 810 497 lueis
832 430 969 498 honores

130 544 180 602 sat
202 537 290 621 magi
312 536 451 603 lasciuus
473 537 590 603 suabes
612 536 776 621 Baecboq.
800 536 941 622 madere,

106 644 336 729 reimplieitate
358 644 450 726 sequi
473 650 586 709 cantus
608 644 753 728 mellesq.
778 664 923 710 coronas.

129 750 251 816 lusibus
273 750 345 835 ipsa
366 750 632 834 suiegenerabat
654 770 752 835 saepe
776 756 809 815 et
831 770 939 816 amere

130 856 225 924 dulce
247 857 309 923 sibi
331 856 480 940 natisque
502 857 567 922 suis
590 877 670 940 quos
692 857 778 942 pube
800 858 938 940 reliquit,

131 964 285 1031 Castorea
307 963 416 1028 fratris
439 963 498 1028 sub
521 962 662 1047 imagine
686 982 765 1046 ques
788 964 967 1048 generauit.

130 1070 230 1156 digna
253 1069 382 1154 quidem
406 1070 468 1134 frui
491 1075 646 1155 perpetua
669 1068 711 1135 de
733 1070 805 1136 luce
827 1070 978 1155 benigna,

93 1202 121 1241 ιο
219 1184 269 1243 set
291 1177 412 1242 celerat
434 1196 497 1259 que
520 1197 578 1242 nes
601 1176 671 1241 fata
693 1177 833 1260 benigna
855 1185 983 1243 uocant.

202 1318 274 1374 CIL.
293 1319 334 1374 VI
354 1318 441 1373 19055
466 1316 625 1388 descripsit
647 1318 782 1385 Henzen,
808 1317 920 1374 Gruter
938 1318 999 1386 654,
1018 1318 1043 1372 5.
1080 1318 1146 1374 AL.

130 1389 297 1444 Burmanni
315 1390 356 1444 IV
375 1390 434 1457 166,
454 1389 568 1457 Meyeri
589 1389 658 1443 1295
758 1390 873 1445 Romae
891 1392 922 1444 in
941 1405 1046 1445 museo
1058 1389 1147 1460 Capi-

130 1461 232 1516 tolino.
263 1461 466 1530 subscriptum
485 1462 519 1514 P.
538 1458 668 1516 Mattius
689 1458 838 1516 Chariton
857 1459 948 1516 conia
969 1459 981 1515 i
1000 1462 1025 1515 b.
1044 1477 1083 1516 m.
1101 1461 1126 1531 f.

201 1532 218 1585 ‘2
237 1530 360 1586 nomiae
378 1547 396 1585 a
414 1533 518 1597 γλυκύς
540 1536 646 1587 tracto.
680 1530 783 1587 animo
810 1534 928 1602 optauit
946 1478 1146 1588 §chraderus

130 1603 285 1672 psaltriam
303 1601 444 1672 Meyerus
463 1604 618 1657 mulierem
638 1603 715 1657 dixit
734 1606 836 1657 neseio
856 1619 947 1673 quarn
966 1610 1056 1671 reete,
1082 1620 1143 1658 ma·

131 1675 179 1743 gis
198 1675 289 1729 crede
309 1675 464 1728 tibicinam
575 1674 594 1727 4
611 1676 734 1728 madere
754 1674 904 1742 (Tibullus
923 1674 952 1728 ΙΙ
966 1675 990 1742 1,
1003 1675 1040 1729 30
1057 1675 1082 1742 5,
1095 1676 1146 1740 87)

131 1750 161 1799 et
179 1743 266 1814 aequi
283 1746 425 1799 infinitiui
443 1746 476 1799 in
494 1750 648 1799 structura
663 1746 828 1800 uerborum
841 1747 1043 1815 aequiperant
1055 1761 1146 1800 accu-

131 1817 263 1870 satiuum
286 1816 415 1871 bonores
436 1817 553 1871 ruebas.
588 1818 683 1870 uitam
706 1816 849 1871 bilarauit
873 1817 938 1869 uini
961 1822 1069 1871 cantus
1095 1833 1145 1872 co-

130 1903 274 1941 ronarum
293 1888 503 1956 uoluptatibus
607 1887 624 1942 5
644 1892 778 1957 praestat
796 1888 927 1942 fortasse
945 1887 1022 1942 haee
1041 1888 1145 1942 distin·

132 1959 191 2012 ctio
214 1956 462 2027 simplicitatum)
481 1956 576 2029 aequi,
600 1960 709 2013 cautae
827 1956 925 2013 crinis
943 1959 1077 2029 molleaq.
1098 1974 1145 2014 co·

131 2044 225 2083 ranae
243 2028 370 2084 Ouidius
389 2034 458 2084 met.
472 2029 516 2083 ΙΙΙ
528 2028 590 2083 555.
617 2031 696 2085 male
712 2028 876 2084 Hennenus
894 2031 995 2099 iungit
1013 2045 1146 2085 coronas

130 2102 296 2169 peaerabat
313 2103 342 2155 et
359 2116 495 2155 ammam
513 2101 631 2156 derbem
746 2100 901 2155 tumores
919 2100 1022 2171 uolgo.
1051 2102 1144 2156 immo

130 2172 247 2226 lusibus
266 2172 355 2226 etiam
376 2170 496 2226 Amoris
515 2173 689 2241 uoluptates
707 2171 815 2226 mulier
839 2172 969 2241 parabat
992 2173 1050 2226 sibi
1068 2172 1146 2226 suis·

131 2257 191 2312 que
354 2243 370 2298 7
391 2244 409 2296 i.
430 2245 533 2297 autin
552 2244 634 2312 pube
653 2249 707 2298 aut
724 2243 823 2313 pubes
841 2244 974 2312 puberes

147 2314 167 2397 β
185 2314 302 2383 fratres
320 2314 413 2384 uolgo
433 2315 689 2395 prenuntiatienis
708 2315 782 2369 uitio
802 2318 927 2368 remoto.
960 2314 1075 2383 gemini
1095 2314 1147 2369 de·

130 2385 466 2526 illlfflliziuipliulgeilotiltlasse
484 2384 1070 2538 οπθοοῙΛοὟέρῗοθίἀιὲοωίιῖξὲἲιῗῐῦηῗωίοβτίῐᾙοο
1082 2455 1146 2508 imi·

129 2528 246 2582 tatione
265 2527 340 2581 certi
359 2528 500 2581 carminis
519 2526 590 2597 (fati
609 2527 733 2598 beasque
751 2527 818 2581 qu.
835 2527 878 2592 16,
889 2526 926 2594 4),
945 2527 1075 2582 fortasse
1094 2526 1149 2580 ad-

130 2599 298 2653 fectatione
322 2598 510 2667 philosopha.
544 2613 614 2652 narn
634 2599 751 2668 lugenti
776 2599 885 2652 marite
910 2600 1009 2668 magis
1035 2611 1147 2652 conue-

131 2669 236 2724 niebat
253 2683 362 2723 seuera
381 2669 463 2737 quod
481 2668 662 2724 Boissardus
682 2670 773 2738 dedit,
791 2667 930 2734 sinistra,
948 2666 1087 2739 malique

130 2919 194 2985 Hie
217 2920 308 2984 iaceo
331 2918 443 2984 infelix
466 2919 607 3004 Zmyrna
628 2920 737 3003 puella
759 2920 909 3004 tenebris,

132 3045 214 3109 quae
237 3045 338 3090 annes
360 3025 478 3091 aetatis
500 3045 602 3109 agens
625 3045 684 3091 sex
707 3031 740 3091 et
762 3024 843 3092 dece
865 3026 1051 3107 mensib(us)
1070 3031 1148 3092 ecte

131 3133 224 3198 amisi
246 3133 361 3197 lucem.
396 3132 503 3197 anima
525 3151 598 3197 mea
620 3138 795 3216 rapuerunt
816 3131 886 3197 fata
908 3133 1028 3216 lniqua.

131 3239 251 3304 castior
272 3244 309 3304 ut
331 3239 461 3324 probior
483 3238 641 3304 seruatier
662 3238 729 3303 ulla
751 3237 891 3304 marito?

105 3354 162 3413 ete
184 3366 308 3431 precer,
331 3345 394 3412 hoc
418 3346 472 3429 qui
494 3346 630 3429 releges,
653 3346 680 3410 si
703 3343 931 3430 pietasbabet
946 3345 1010 3411 ulla
1025 3346 1145 3429 lecum,

131 3454 178 3519 sie
201 3440 304 3519 simile
327 3451 454 3518 titulum
475 3452 561 3518 natis
583 3472 647 3518 non
670 3451 810 3516 seribere
832 3452 945 3537 pessis,

131 3558 301 3626 discedens
310 3557 365 3624 dic
372 3576 380 3623 t
388 3558 528 3643 Zmyrna
537 3558 619 3624 nale.
629 3558 742 3622 iterum
754 3561 786 3622 te
792 3559 1037 3642 repetem(us)ln
1047 3577 1145 3623 anne.
