2648 3886
544 171 733 210 meunmnm

608 336 673 401 618

136 459 199 538 Qui
223 459 310 525 dolet
332 462 505 544 interitum,
528 468 665 526 mentem
690 461 810 526 soletur
833 480 951 525 amore.

135 567 248 631 tollere
272 587 356 632 mors
379 568 480 633 uitam
502 569 617 652 potuit,
641 573 714 652 post
737 567 806 633 fata
829 573 989 652 superstes

136 672 225 738 sama
247 674 346 757 uiget.
381 675 477 758 periit
500 694 625 759 corpus,
649 673 707 739 sed
730 694 846 739 nomen
868 674 901 738 in
924 693 979 738 ore
1002 681 1061 738 est.

136 779 219 845 uiuit
241 778 390 845 laudatur
412 781 530 864 legitur
554 781 734 846 celebratur
757 787 883 845 amatur

113 887 267 954 ununtius
289 888 427 971 Augusti
450 888 545 953 uelox
569 886 652 973 pede
677 908 785 953 cursor
807 893 842 951 ut
865 908 954 971 aura,

139 995 190 1059 cui
212 994 328 1060 Latiae
350 996 456 1079 gentis
478 1014 593 1060 nomen
615 995 805 1079 patriaeque
828 994 977 1060 Sabinus.

139 1121 158 1165 o
182 1100 311 1167 crudele
334 1100 435 1185 nefas,
459 1101 533 1166 tulit
556 1100 610 1165 hio
633 1102 701 1166 sine
725 1102 857 1166 crimine
880 1107 1014 1166 mortem

140 1206 320 1291 damnatus,
344 1207 440 1292 periit
463 1206 619 1293 deceptus
641 1206 755 1272 fraude
778 1208 946 1272 latronum.

138 1315 195 1398 nil,
219 1315 334 1397 scelus,
358 1314 469 1397 egisti:
494 1314 581 1380 fama
604 1320 653 1380 est
677 1334 760 1397 quae
782 1314 886 1379 nescit
909 1314 1009 1380 obire.

211 1490 381 1544 Brambach
399 1491 490 1543 inser.
508 1490 602 1546 Rhen.
623 1491 684 1558 780,
703 1490 812 1545 Murat.
832 1491 892 1559 903,
912 1492 929 1545 3
948 1507 986 1546 ex
1000 1491 1152 1547 Browero.

137 1560 202 1616 AL.
222 1561 388 1616 Burmanni
407 1560 447 1616 IV
466 1561 508 1629 23,
528 1561 642 1631 Meyeri
662 1562 732 1616 1116
831 1562 983 1632 Treueris,
1002 1564 1093 1633 periit

176 1634 380 1701 subscriptum
399 1634 496 1687 fertur
511 1632 619 1700 posuit
637 1632 756 1688 Furius

212 1705 227 1756 1
247 1705 360 1757 honore
379 1702 529 1758 Schrader
549 1705 647 1759 uoluit
748 1705 765 1758 3
785 1706 822 1759 61.
841 1705 928 1774 54⁵‚4
1028 1705 1155 1760 5116611-

139 1779 191 1830 tur
209 1773 343 1830 nuncius

617 1882 683 1948 619

140 2009 296 2076 Hostibus
318 2008 450 2093 indigne
472 2027 571 2074 saeua
593 2007 688 2091 nu[nc
710 2014 812 2073 morte
835 2014 1018 2094 peremptus

142 2115 228 2182 dune
251 2115 340 2201 cupit
363 2115 474 2180 infelix
497 2114 642 2181 flammas
666 2114 804 2199 [inferre
827 2116 963 2180 maritae

142 2222 261 2289 oblitus
284 2222 475 2306 generisque
499 2222 547 2287 sui
571 2241 659 2306 spem
684 2221 833 2305 Ta[rtara
856 2221 967 2288 obiuit.

142 2331 266 2414 coiugis
288 2329 364 2394 huic
386 2329 501 2394 misere
524 2328 710 2412 lachrima[e
733 2327 908 2393 funduntur
931 2327 1078 2393 amantis.

216 2504 289 2561 CIL.
307 2505 366 2559 XII
384 2505 438 2560 629
457 2505 497 2559 ad
517 2509 659 2575 ectypum
788 2519 851 2572 rep.
871 2504 1032 2557 infinibus
1053 2501 1156 2558 Arela-

142 2578 283 2644 tensium,
302 2578 362 2629 iam
371 2575 642 2631 Massiliaetabula
659 2589 840 2641 marmorea,
859 2575 965 2628 litteris
984 2575 1087 2643 paruis
1109 2589 1157 2629 ae·

142 2648 214 2702 tatis
231 2648 417 2702 recentioris.
445 2646 543 2702 editor
563 2646 735 2700 dubitatum
747 2645 839 2700 medii
852 2647 923 2700 aeui
936 2647 981 2710 sit,
1001 2646 1055 2700 sed
1074 2646 1156 2700 dunc

145 2719 286 2788 coarguit
305 2719 525 2787 antiquitatem.
554 2733 613 2786 ego
633 2717 798 2772 sententias
824 2717 1034 2787 redintegraui

621 2897 686 2961 620

143 3021 288 3087 Francus
312 3041 373 3105 ego
397 3021 495 3104 ciues,
519 3020 682 3086 Romanus
705 3019 796 3086 miles
819 3020 852 3084 in
874 3019 981 3102 armis,

143 3129 277 3214 egregia
300 3128 418 3194 uirtute
441 3128 499 3193 tuli
521 3127 605 3193 bello
628 3147 701 3193 mea
724 3126 859 3192 dextera
881 3145 1016 3210 semper.

218 3303 291 3360 CIL.
301 3304 346 3357 111
357 3304 428 3360 3516
500 3302 632 3373 Aquinci
645 3304 750 3358 litteris
763 3319 823 3358 non
838 3303 978 3357 barbaris
991 3301 1046 3358 sed
1058 3301 1158 3355 latinis

217 3373 311 3429 216111
330 3390 422 3442 arma,
446 3390 514 3430 meo
538 3375 663 3429 dexteru
684 3375 810 3428 ablatiui
830 3379 865 3428 ut
887 3378 971 3443 puto.
1007 3388 1081 3428 sane
1099 3388 1163 3426 ma·

145 3446 183 3501 lis
202 3444 279 3514 tulit,
299 3447 353 3501 sed
370 3446 446 3500 illud
464 3445 668 3500 Mommsenus
687 3451 815 3501 testatur
