2634 3892
548 160 736 200 nnxanurm

133 328 192 374 uos
214 327 338 393 precor,
363 327 381 372 o
405 306 530 390 iratres,
555 327 647 372 orare
669 307 733 373 huc
756 307 884 390 quando
907 308 1036 393 ueni[tis

134 420 167 480 et
188 415 337 499 precibus
360 413 438 479 totis
460 421 584 498 patrem
608 418 781 497 natumque
805 415 938 496 rogatis,

132 523 175 589 sit
198 528 325 587 uestrae
348 521 462 586 mentis
485 520 618 605 Agapes
642 540 737 586 carae
759 522 954 604 meminisse,

95 653 123 693 ιο
131 634 167 694 ut
191 627 270 693 deus
293 628 493 713 omnipotens
515 628 653 712 Agapen
676 629 710 693 in
733 628 863 694 saecula
886 633 1003 694 seruet.

204 803 313 858 Marini
331 805 400 859 iser.
418 803 530 858 Albani
548 821 577 874 p.
590 804 626 858 32
644 805 698 858 ubi
717 805 755 858 de
774 806 942 859 litterarum
966 810 1152 860 transmuta-

132 877 216 930 tione
241 876 360 930 disserit
384 877 482 945 qualis
507 878 539 928 in
565 874 678 930 Orkisti
700 876 852 931 uocabulo
881 877 930 929 hic
953 877 1150 945 conspicitur,

131 947 220 1002 Rossi
236 949 325 1001 inser.
346 948 446 1001 christ.
456 946 540 1000 Rom.
554 947 583 1000 ll
602 963 630 1016 p.
643 946 729 1000 XXX
748 949 799 1017 qui
820 947 956 1017 expleuit
976 962 1098 1002 carmen
1117 955 1150 1004 et

132 1019 211 1073 inter
229 1020 439 1088 antiquissima
459 1019 623 1072 christiana
642 1020 796 1072 recensuit
893 1017 1008 1072 Romae
1030 1020 1062 1072 in
1082 1034 1151 1074 coe·

132 1092 257 1145 meterio
276 1089 431 1144 Priscillae
449 1091 482 1142 in
500 1089 653 1158 lapidibus
673 1089 793 1143 duobus
812 1089 917 1143 litteris
936 1090 1024 1143 bonis
1044 1105 1081 1143 ac
1098 1105 1151 1144 ru·

132 1161 264 1215 bricatis.
302 1176 410 1215 uersus
433 1160 497 1214 7-10
519 1161 640 1229 repetiti
662 1160 808 1229 leguntur
826 1162 858 1213 in
877 1160 1030 1230 epitaphio
1050 1161 1149 1216 altero

132 1233 246 1355 mutilp
261 1236 403 1301 optumae
423 1231 619 1298 litteraturae,
648 1232 702 1284 ubi
723 1230 844 1286 Marcia
868 1232 1031 1286 substituta
1057 1232 1087 1284 in
1106 1231 1150 1287 lo-

133 1317 201 1356 cum
248 1317 344 1371 gapes

203 1373 219 1425 1
235 1375 354 1427 initium
367 1374 531 1443 abruptum
540 1372 605 1427 Leo
620 1377 776 1441 comparat
790 1388 857 1426 cum
877 1374 927 1427 illo
941 1375 987 1427 καὶ
1004 1375 1071 1427 τόδε
1085 1375 1150 1428 Φω·

131 1444 259 1511 totitem,
279 1460 351 1497 nam
370 1446 489 1498 tertiam
503 1445 638 1498 eiusdem
654 1446 842 1499 mouumenti
861 1444 996 1498 tabulam
1010 1447 1148 1500 extitisse

130 1531 193 1569 nou
211 1517 278 1569 ueri
299 1516 394 1569 simile
413 1520 467 1569 est.
495 1517 594 1584 potuit
613 1532 682 1569 cunt
701 1518 809 1570 cuncta
828 1517 943 1570 crearet
1066 1517 1149 1570 3cst

131 1591 284 1656 expectes.
317 1585 530 1656 coactumque
549 1589 651 1642 secuto
672 1587 752 1641 idern
771 1586 897 1641 Rossius
915 1589 1074 1658 proposuit

130 1657 184 1711 4i.
204 1673 327 1712 emensa

604 1747 664 1812 731

743 1871 873 1937 colonus

750 1976 865 2062 p]rima

741 2082 862 2167 a]more

131 2240 138 2257 .
581 2237 589 2255 .
664 2189 745 2274 ilpse
768 2190 909 2255 lauacro.

105 2298 183 2366 ahic
206 2297 288 2383 sipi]
311 2297 383 2364 iinis
407 2296 499 2381 er[at]
523 2295 620 2380 uitae,
645 2295 829 2362 dulcissime
851 2301 937 2361 nate.

128 2411 178 2472 set
201 2411 294 2491 pater
317 2406 527 2490 omnipotens,
553 2424 619 2487 oro,
644 2404 795 2469 miserere
817 2401 974 2487 lab[orum

128 2518 299 2595 tantorum,
323 2511 500 2596 miserens)
524 2511 650 2575 animae
673 2529 737 2573 non
761 2507 885 2593 dig[na]
910 2508 1051 2575 ferentis.

200 2688 287 2742 Rossi
305 2688 395 2742 inser.
415 2687 514 2740 christ,
534 2686 618 2741 Rom.
637 2686 667 2739 Π
686 2702 714 2755 p.
728 2685 771 2739 IX
793 2686 844 2754 qui
864 2686 997 2741 correxit
1020 2690 1050 2741 et
1072 2701 1144 2757 sup·

128 2759 223 2830 plcuit
323 2760 355 2811 in
374 2759 491 2812 horreis
509 2757 600 2812 uillae
621 2757 809 2826 Borghesiao
828 2756 868 2810 ad
886 2762 1005 2826 portam
1024 2757 1143 2812 Pincia·

127 2846 207 2885 nam.
246 2845 355 2883 uersus
384 2829 430 2882 1-4
451 2830 585 2895 sinistra,
613 2830 705 2882 ceteri
729 2828 838 2883 dextra
857 2831 944 2897 parte
967 2828 1076 2898 lapidis
1099 2834 1143 2882 in·

127 2901 231 2972 scripti
251 2905 329 2968 sunt,
349 2906 418 2969 post
428 2897 558 2969 ferentis
577 2900 741 2953 christiana
760 2900 849 2968 signa
863 2899 964 2953 ΙΧΘΥ(
983 2905 1013 2953 et
1031 2900 1143 2969 palma.

128 2975 297 3044 scripturae
315 2986 415 3041 genus
433 2972 494 3025 tale
515 2970 625 3024 dicitur
645 2970 735 3039 quale
753 2977 822 3040 post
840 2971 962 3024 tertium
984 2972 1142 3025 saeculum

127 3059 182 3099 mx
198 3045 507 3184 pppppppnppcpppptt
521 3113 596 3166 deus
614 3109 681 3180 ipse
700 3113 719 3165 l.
738 3113 897 3182 proposuit
915 3111 1041 3167 Rossius

128 3186 145 3241 5
164 3184 251 3252 einis,
271 3185 288 3239 6
307 3182 500 3254 omnipqteaa
518 3184 595 3253 lapis
700 3184 717 3237 6
737 3198 790 3238 oro
810 3187 839 3237 et
860 3188 962 3238 cetera
981 3185 1081 3237 omnia
1101 3199 1141 3238 ex

125 3256 218 3327 Verg.
230 3254 306 3311 Aen.
320 3255 348 3309 ΙΙ
368 3256 420 3309 143
429 3271 453 3309 s.
472 3259 600 3325 sumpta,
619 3259 654 3309 ut
673 3255 790 3309 monuit
802 3253 936 3308 Rossius.
964 3252 1144 3309 animiVer·

125 3328 217 3397 gilius

604 3417 667 3482 732

124 3542 190 3608 Hic
212 3543 298 3608 iacet
321 3541 433 3609 infelix
456 3541 585 3627 proprio
609 3540 776 3607 Cicercula
798 3560 913 3607 nomen
