2646 3884
568 195 715 237 sarvnuu
1115 185 1148 238 11

134 352 202 390 rere
221 337 331 394 Manes
355 337 454 407 diuos,
478 357 561 395 nunc
585 358 707 411 quoque
727 358 850 396 carmen
869 344 951 397 istud
971 347 1044 412 puto
1065 359 1152 413 repe·

135 410 223 462 titum
242 410 407 466 identidem

209 478 367 536 Staberiae
385 482 417 535 P.
436 484 453 536 1.
471 483 579 538 Florae
608 487 781 553 sepulcrum
812 484 1000 555 Campanum
1030 483 1102 540 CIL.
1121 485 1151 539 X

134 550 207 606 4352
222 552 297 607 haec
310 552 402 607 habet
419 555 466 608 bis
483 556 651 624 insculpta:
670 572 744 625 repo
764 558 798 622 ie,
817 554 861 610 mi
873 554 985 622 uiator,
1030 555 1094 611 noli
1106 555 1153 612 mi

135 638 249 677 nocere.
288 640 368 693 quae
387 627 444 679 nisi
463 627 573 680 iterata
592 631 708 695 essent,
734 628 886 689 abicerem
906 629 1048 682 carminis
1070 630 1153 698 cogi·

136 696 290 762 tationem,
310 701 423 750 certam
443 712 509 751 esse
528 713 568 750 ne
586 699 631 752 sic
649 698 772 766 quidem
792 699 943 752 contendo

209 766 280 821 CIL.
301 766 342 820 VI
361 766 463 821 12802:
481 784 556 838 royo
570 784 631 837 per
649 785 786 838 superos,
805 767 860 839 qui
884 768 965 835 estis,
994 785 1064 825 osea
1083 787 1154 825 mea

136 835 248 892 tueatis
266 838 365 892 uerba
384 840 480 893 instar
499 842 641 894 carminis

208 908 290 962 Barii
309 908 457 965 Caecilius
476 910 586 965 Felicio
607 912 645 966 de
664 911 787 965 Phoebe
807 912 939 981 coniuge
967 917 1072 981 erepta
1101 913 1153 968 do·

136 981 232 1035 lorem
252 981 295 1034 sic
313 985 442 1035 testatur
462 981 534 1036 CIL.
554 981 597 1035 IX
610 982 678 1036 292:
697 981 809 1053 iniquo
825 982 903 1052 foto,
923 999 1001 1053 quae
1013 999 1070 1037 nos
1088 986 1154 1038 tam

136 1049 195 1107 ciro
212 1048 433 1106 disiunaeerunt
451 1068 514 1106 non
533 1054 654 1122 quidem
674 1061 762 1108 extra
781 1069 924 1108 numeros
938 1055 992 1108 sed
1005 1060 1040 1108 ut
1052 1056 1159 1124 ipsum‘

137 1121 297 1178 Saturnios
315 1124 489 1193 percepisse
508 1139 617 1194 negem

209 1193 281 1249 CIL.
300 1194 315 1247 I
334 1195 405 1249 1064
423 1235 429 1248 .
450 1235 456 1248 .
477 1236 483 1247 .
507 1196 538 1248 Τ.
559 1194 660 1250 Attius
677 1192 713 1248 0.
732 1196 751 1248 l.
770 1196 884 1251 Auctor
903 1194 1013 1267 coiupi,
1042 1197 1071 1250 Τ.
1091 1197 1155 1250 Ins-

136 1263 220 1319 scr'us
242 1265 279 1321 0.
308 1266 326 1320 l.
356 1264 524 1320 Corumbus
547 1269 699 1334 patronae
723 1282 784 1335 pro
812 1265 947 1321 meriteie
979 1268 1056 1322 dont
1083 1265 1156 1322 obsi

137 1351 242 1391 eorum
255 1352 325 1391 ossa
339 1335 498 1407 quiescunt
512 1353 551 1391 ex
565 1338 610 1391 his
620 1343 775 1408 postrema
788 1345 822 1392 ut
833 1337 1009 1394 Saturnium
1020 1346 1154 1408 aequent
1180 1374 1184 1381 ›

137 1423 212 1462 casu
231 1409 346 1462 sactum
376 1424 451 1476 esse,
475 1409 547 1463 licet
574 1410 650 1464 dant
677 1425 823 1479 praeseus
844 1411 989 1464 orationis
1008 1411 1156 1465 uideatur

136 1481 316 1549 exquisitae,
339 1484 492 1533 structura
510 1481 675 1534 uerborum
696 1483 809 1535 euincit

628 1589 667 1653 17

208 1709 350 1747 numeros
376 1690 536 1748 Saturnios
563 1694 706 1748 tractanti
736 1695 879 1763 quoniam
899 1695 1154 1763 proficiscendum

137 1770 184 1820 est
193 1765 233 1819 ab
246 1765 503 1833 inscriptionibus,
517 1765 687 1834 adiungere
700 1766 799 1818 uisum
814 1770 859 1818 est
873 1765 1037 1835 Paelignos
1050 1765 1156 1820 titulos

137 1835 288 1892 Saturniis
308 1842 471 1905 conceptos
490 1837 652 1904 inscriptos
669 1837 750 1890 circa
770 1835 841 1890 belli
866 1837 986 1890 socialis
1014 1842 1155 1906 tempora

135 1909 279 1962 inuentos
298 1905 430 1975 Corfinii,
450 1922 527 1975 quos
547 1922 605 1976 ego
627 1907 781 1976 explicare
806 1913 934 1961 conatus
960 1923 1027 1961 sum
1056 1908 1153 1961 musei

86 2045 90 2053 ¹
135 1979 221 2033 rhen.
240 1978 275 2032 33
293 1995 322 2047 p.
333 1978 386 2032 272
405 1986 436 2032 et
454 1978 489 2031 35
507 1977 607 2048 pree,
628 1985 695 2048 post
713 1979 799 2031 multi
818 1980 1007 2047 repetierunt
1026 1985 1056 2033 et
1075 1994 1153 2032 com·

135 2051 262 2104 mentati
281 2056 359 2116 sunt,
380 2053 416 2103 cf.
436 2049 586 2103 Zvetaieff
602 2051 690 2103 inscr.
711 2049 746 2103 It.
766 2049 835 2102 diel.
855 2065 884 2103 n.
899 2050 932 2104 13
952 2056 981 2104 et
995 2049 1036 2117 14,
1057 2048 1155 2103 Thur·

136 2136 253 2190 neysen
272 2136 348 2174 mus.
367 2121 451 2174 rhen.
467 2120 503 2174 43
522 2138 550 2190 p.
561 2121 622 2175 347.
660 2137 740 2174 unus
759 2120 808 2174 hic
827 2125 885 2174 est:

136 2231 143 2246 .
177 2207 307 2261 prooem
417 2233 422 2245 .
532 2233 538 2246 .
648 2232 654 2244 .
764 2234 770 2246 .
881 2232 887 2245 .

134 2278 215 2318 auur
228 2260 486 2332 prtatafolacirisc
553 2261 679 2331 prisma
694 2260 819 2331 petiedu
838 2260 872 2331 ip
892 2261 992 2316 uidad

134 2332 233 2390 uibdu
251 2332 369 2388 omaiiu
392 2332 527 2389 Vranios
601 2351 670 2388 ecuc
690 2331 856 2402 emprotois

135 2403 256 2460 eliserint
276 2447 282 2458 .
303 2405 427 2474 Cerfum
498 2404 694 2460 sacoracirioc
712 2405 849 2460 Semnan
868 2420 926 2458 suo

110 2478 239 2532 comata
256 2477 349 2546 ficata
366 2474 476 2544 ferilid
543 2474 696 2545 proiciare
715 2477 908 2542 Perseponos

135 2547 232 2619 asdod
251 2588 257 2601 .
277 2546 333 2602 cite
351 2563 413 2602 aaa
427 2545 580 2616 pritrome
648 2546 756 2615 pacre's
771 2562 857 2614 pauc
877 2544 937 2600 ecio
1034 2549 1043 2553 “

136 2621 202 2674 leuce
221 2617 307 2687 lifar,
327 2617 404 2673 dida
422 2634 482 2672 uus
556 2617 618 2672 doti
637 2619 773 2672 honusta
791 2618 942 2672 Hereatas

135 2706 226 2762 quem
238 2692 281 2744 sic
291 2693 356 2744 fere
366 2690 616 2758 interpretabere
627 2729 633 2742 .
645 2731 651 2743 .
664 2688 742 2757 cum]
753 2704 874 2742 annuus
885 2689 1010 2742 antistes
1020 2688 1151 2755 primum

134 2765 281 2832 impetum
299 2762 341 2815 ibi
355 2761 483 2827 uiderat,
502 2766 608 2814 uotum
627 2765 815 2830 conceptum,
833 2760 966 2815 Vraniae
983 2758 1041 2812 hoc
1059 2760 1154 2828 impe·

134 2835 209 2888 ratis
229 2834 399 2887 exsolutum
420 2839 477 2900 est3
498 2833 571 2886 deos
590 2831 829 2886 uenerabundus
848 2844 1048 2898 semonesque
1070 2834 1152 2884 aeta·

134 2912 196 2960 tem
214 2919 312 2958 messe
331 2904 422 2958 fertili
441 2904 471 2955 in
492 2904 592 2957 sedem
613 2902 815 2971 Proserpinae
839 2902 970 2971 abdidit3
998 2901 1039 2954 ite
1058 2917 1151 2970 porro

133 2978 166 3030 in
182 2991 296 3030 annum
336 2974 434 3042 lucidi,
453 2980 488 3027 ut
501 2974 549 3027 hic
562 2974 682 3045 legibus
695 2973 841 3040 satisfiat,
862 2973 913 3027 det
926 2987 1039 3026 annum
1058 2972 1150 3026 ditem

134 3048 298 3102 honustum
315 2992 428 3101 denus.
485 3046 561 3100 alter
580 3045 685 3099 titulus
707 3044 883 3113 sepulcralis
901 3049 946 3098 est
964 3044 1051 3113 quasi
1069 3058 1153 3097 unus

135 3134 174 3174 ex
193 3118 294 3172 multis
307 3118 433 3172 breuior
446 3122 475 3171 et
488 3117 587 3170 minus
602 3131 691 3185 quam
706 3116 755 3169 ille
768 3117 903 3180 agitatus
921 3114 1152 3169 controuersiis:

128 3205 188 3261 pes
203 3205 281 3258 pros
300 3188 373 3256 ccuf
387 3186 531 3254 incubat!
583 3203 697 3242 casaur
716 3184 783 3240 oisc
801 3184 909 3255 aetate!

136 3261 166 3318 0.
185 3260 286 3315 Aeaea
304 3258 397 3314 soloin
465 3259 518 3313 dee
536 3258 617 3327 forte
629 3256 632 3328 1
644 3258 735 3328 faber

132 3332 164 3387 id
185 3337 230 3387 est
249 3336 283 3385 ut
301 3336 390 3400 puto:
410 3330 502 3400 pedes
517 3345 633 3399 paucos
652 3330 700 3383 hic
720 3329 845 3383 incubat
864 3343 959 3383 senex
978 3343 1035 3381 usa
1048 3331 1151 3382 aetate

134 3404 165 3460 O.
185 3401 332 3457 Annaeus
352 3402 492 3457 omnibus
512 3401 599 3454 diues
618 3404 761 3455 fortunae
779 3401 868 3454 faber

206 3474 333 3528 accedat
353 3472 462 3528 Oscum
483 3487 603 3526 carmen
618 3471 739 3525 Anxiae
751 3472 783 3524 in
797 3470 937 3525 aedicula
950 3485 1044 3539 supra
1057 3476 1151 3538 caput

133 3546 367 3614 adstantemque
379 3547 522 3599 iuuenem
538 3543 722 3612 insculptum
738 3542 844 3596 litteris
857 3543 978 3610 graecis
993 3540 1156 3603 (Zvetaieff

129 3634 160 3672 n.
180 3615 243 3682 232)
