2634 3892
150 160 203 215 322
586 171 726 211 nacrrnr

151 322 352 403 laetaturque
374 318 488 384 uidens
511 317 674 402 miralntes
698 319 811 382 sistere
835 317 963 399 circum,

126 427 367 509 miranturque
389 432 498 511 patres
521 423 626 509 tan[ta
648 425 767 489 uirtute
788 423 938 509 puellam,

151 554 247 617 quam
269 553 326 598 suo
350 533 391 598 de
413 552 544 598 numero
569 530 746 617 cupiclntes
769 550 840 596 esse
862 530 1004 596 uicissim

152 641 362 722 certatimque
384 646 494 705 tenent
517 638 625 723 atqule
648 638 883 722 amplectuntur
906 643 1049 702 ouantes.

151 747 215 811 iam
237 745 327 811 uidet
351 751 383 811 et
406 746 503 811 sentit
525 745 633 829 magni
658 743 855 828 [spectacula
876 742 967 827 regni

152 860 184 919 et
207 854 289 918 bene
311 874 369 937 pro
392 853 515 918 meritis
537 851 658 936 gaudet
682 850 743 916 sibi
765 851 910 936 praemia
933 848 1026 914 reddi

114 986 141 1026 ιο
150 965 267 1042 tecum,
290 960 400 1041 Paule,
424 964 535 1024 tenens
559 960 685 1025 calcata
707 965 810 1023 morte
834 977 994 1038 coronam,

151 1088 225 1132 nam
248 1064 311 1131 fide
335 1072 463 1131 seruata
487 1085 612 1130 cursum
636 1085 707 1130 cum
730 1084 812 1148 pace
835 1062 972 1148 peregit.

223 1206 295 1262 CIL.
315 1206 385 1260 XIV
405 1206 474 1260 1938
497 1206 574 1260 uidit
598 1211 628 1260 et
647 1206 783 1275 expleuit
798 1205 885 1259 Rossi
909 1205 978 1268 (nisi
998 1203 1080 1271 quod
1099 1219 1129 1257 u.
1147 1203 1165 1256 3

153 1294 266 1348 mayoc
285 1277 430 1347 defuncto
444 1275 561 1345 periclo
580 1277 630 1332 ille
644 1277 735 1343 dedit,
756 1293 814 1346 ego
832 1277 945 1330 sororis
960 1275 1166 1329 definitionem

154 1348 295 1420 praetuli)
386 1364 482 1418 prope
502 1346 623 1402 Ostiam.
655 1346 771 1402 sanctis
793 1344 985 1416 martyribus
1003 1343 1163 1413 Eutropio,

38 1442 41 1446 ⁴
153 1423 292 1476 Bonosoe
317 1422 345 1474 ct
368 1417 510 1474 Zosimus
533 1420 674 1474 Donatus
702 1417 863 1487 episcopus
887 1423 1024 1487 tempore
1047 1418 1164 1470 incerto

155 1494 235 1546 circa
260 1507 286 1544 a.
306 1491 360 1544 400
383 1491 532 1544 tumulum
557 1491 720 1544 adornauit
742 1489 854 1544 ibidem
880 1488 958 1554 1937,
985 1485 1101 1541 natalis
1124 1501 1165 1540 ss,

153 1561 293 1630 Eutropd
304 1560 447 1616 Zosimae
466 1562 494 1614 et
502 1562 642 1616 Bonosoe
656 1576 796 1615 sororem
808 1559 913 1614 idibus
922 1556 1013 1612 Iuliis
1025 1557 1060 1612 io
1069 1559 1167 1611 Portu

154 1633 354 1688 celebrandus
373 1634 405 1685 in
424 1636 545 1686 uetusto
560 1633 778 1702 martyrologio
792 1634 932 1685 refertur.
963 1645 1085 1683 carmen
1094 1628 1166 1682 Ros·

154 1707 216 1829 gns
234 1703 355 1787 Donato
375 1704 465 1773 episc.
486 1705 640 1772 antiquius
661 1704 822 1771 existimat,
847 1702 901 1757 sed
924 1701 1045 1770 excepit
1063 1705 1166 1753 tamen

185 1790 365 1900 amlatlfflla³lllrli
384 1847 481 1900 uerba
500 1845 529 1898 II
548 1845 676 1900 Timoth.
695 1845 721 1913 4,
740 1846 757 1899 7
767 1860 789 1898 s,
822 1844 932 1912 respici
950 1842 984 1897 R.
1005 1841 1166 1895 adnotauit

624 1971 690 2036 682

154 2078 247 2157 Quod
271 2077 375 2143 dulcis
398 2077 476 2158 nati,
502 2075 587 2159 quod
612 2098 688 2142 cara
710 2076 846 2161 pignera
869 2080 1044 2160 praestant,

154 2186 295 2252 eontinet
318 2184 371 2249 hie
393 2184 542 2266 tumulus,
567 2184 709 2248 membra
733 2183 787 2265 qui
812 2202 912 2267 parua
936 2186 1040 2246 retent
1062 2186 1085 2244 t.

154 2292 296 2358 dolorem
321 2290 389 2356 sinc
412 2289 474 2355 tine
498 2288 599 2370 dedit,
623 2288 779 2354 Felicitas
802 2289 864 2354 isto

155 2398 313 2463 clauditur
336 2396 447 2461 infelix
469 2394 551 2460 falso
575 2395 765 2478 cognomine
789 2394 888 2460 dicta.

129 2525 226 2570 anam
249 2505 301 2570 eui
323 2504 427 2588 prima
452 2501 521 2567 dies
544 2502 578 2567 in
601 2503 704 2567 lucem
727 2502 860 2586 protulit
883 2520 984 2566 annus

154 2616 313 2694 quattuor,
339 2616 371 2674 et
393 2608 477 2673 male
501 2629 573 2674 cum
597 2608 741 2691 quintum
765 2614 903 2673 sumeret
926 2613 1040 2689 ortum,

154 2717 284 2782 abstulit
308 2721 378 2780 atra
402 2714 472 2780 dies
496 2722 528 2779 et
550 2715 661 2780 funere
684 2714 795 2780 mersit
817 2733 944 2779 aceruo.

153 2824 236 2889 hacc
258 2829 360 2888 mater
383 2830 416 2887 et
439 2823 566 2906 genitor
589 2822 793 2887 conscribunt
816 2820 959 2886 carmina
982 2821 1085 2901 busto,

154 2950 216 3013 quo
240 2929 361 3013 legenti
384 2930 479 2995 simul
501 2928 615 2994 redeat
637 2929 696 2994 sub
720 2928 818 2994 corde
840 2927 943 3011 figura

117 3063 144 3103 ιο
154 3044 185 3103 et
208 3038 330 3102 siccato
354 3056 451 3121 saepe
476 3035 664 3101 madescant
686 3034 807 3099 lumina
829 3032 916 3099 fietu.

155 3144 202 3209 sic
224 3142 403 3208 medicatur
426 3162 598 3208 amornec
622 3147 735 3207 curant
758 3141 902 3207 carmina
925 3159 1046 3205 manes.

226 3283 314 3338 Rossi
333 3285 422 3338 inscr.
443 3284 543 3336 christ.
556 3282 641 3337 Rom.
654 3282 668 3335 1
681 3282 742 3350 220,
756 3281 809 3335 518
829 3280 941 3336 Gruter
954 3279 1032 3347 1052,
1047 3278 1089 3332 10.
1107 3276 1171 3332 AL.

156 3354 324 3408 Burmanni
342 3355 383 3409 IV
402 3355 462 3421 240,
482 3354 596 3422 Meyeri
616 3354 685 3408 1345
802 3353 860 3407 fuit
878 3353 910 3404 in
929 3350 957 3406 S.
976 3350 1091 3404 Mariae
1109 3365 1171 3404 mo·

156 3426 290 3479 nasterio
309 3427 342 3478 in
358 3427 410 3479 uia
429 3426 499 3479 lata.
528 3426 630 3493 figura
649 3424 769 3494 puellae
787 3426 819 3478 in
839 3423 946 3490 medio,
966 3421 1171 3490 subscriptum

158 3494 317 3564 demerita)
330 3494 365 3549 in
374 3496 473 3563 ploce)
487 3494 535 3550 die
554 3495 614 3549 kal.
624 3495 722 3550 Iulias
736 3493 880 3562 dlomirto)
900 3494 1027 3560 mosao)
1042 3492 1171 3546 Theodo-

157 3564 203 3620 sio
222 3566 298 3636 Any.
318 3569 345 3620 et
363 3567 411 3620 Fl.
431 3565 601 3621 Rumorido
619 3565 711 3631 ultro)
730 3565 871 3634 ollarias.)
891 3580 988 3620 conas.
1008 3578 1088 3618 anno
1108 3563 1163 3617 403
