2644 3884
611 188 739 229 sumnum

167 334 201 400 in
224 336 345 420 templa
368 335 460 401 ducis
482 357 523 401 ae
545 336 698 403 famulam
722 335 807 402 diuis
831 336 931 403 dieas.

127 472 157 513 as
168 449 201 508 te
225 448 307 508 teste
330 443 455 508 eunctis
477 444 601 509 imbuor
624 443 795 528 mysteriis,

167 555 203 615 tu
225 550 446 634 Dindymenes
469 550 647 634 Atteosque
671 550 847 615 antistitem

168 657 275 722 teletis
296 656 435 722 honoras
457 658 577 723 taureis
601 677 731 723 consors
753 657 837 741 pius,

167 765 309 829 Hecates
331 764 508 829 ministram
531 765 616 830 trina
639 771 764 830 secreta
787 763 904 830 edoces

168 870 357 954 Cererisque
381 870 499 936 Graiae
522 878 557 937 tu
581 872 682 937 saeris
706 871 838 954 dignam
861 890 968 954 paras.

128 983 200 1048 sote
222 983 354 1062 propter
378 976 480 1043 omnis
502 997 553 1042 me
578 979 717 1060 beatam,
741 998 793 1042 me
816 978 904 1062 piam

168 1085 342 1167 celebrant,
368 1084 454 1166 qued
477 1086 546 1169 ipse
569 1105 620 1149 me
643 1086 759 1150 bonam
784 1083 983 1166 disseminas,

150 1174 269 1256 totum
292 1211 350 1275 per
374 1191 483 1256 orbem
507 1193 618 1274 ignota
641 1211 755 1256 nascor
779 1192 934 1256 omnibus.

166 1319 240 1363 nam
263 1305 296 1362 te
319 1299 434 1363 marito
459 1318 515 1363 aur
538 1299 667 1383 plaeere
691 1319 754 1362 non
778 1297 915 1381 queam?

167 1405 315 1489 exempla
340 1404 381 1470 de
404 1425 455 1469 me
479 1405 635 1470 Romulae
658 1411 777 1470 matres
801 1410 914 1489 petunt

128 1541 157 1582 aa
167 1512 375 1595 subolemque
398 1512 574 1596 puluhram,
599 1514 626 1578 si
651 1519 726 1577 tuae
749 1512 872 1594 similis,
896 1518 1022 1596 putant.

167 1625 280 1704 optant
303 1621 504 1704 probantque
527 1640 611 1685 nune
634 1621 695 1684 uiri
718 1639 803 1684 nune
827 1619 965 1683 feminae

168 1746 251 1809 quae
274 1732 308 1791 tu
331 1727 485 1810 magister
508 1726 654 1792 indidisti
677 1726 828 1810 insignia.

166 1832 218 1899 his
240 1854 324 1899 nune
347 1833 508 1918 ademptis
530 1841 654 1898 maesta
678 1834 817 1899 eoniunx
842 1852 996 1914 maceror,

167 1941 256 2023 felix,
279 1942 428 2006 maritum
452 1940 479 2006 si
503 1942 706 2025 superstitem
729 1940 808 2004 milri

127 2046 236 2115 mdiui
260 2046 434 2130 dedissent,
458 2046 516 2112 sed
540 2054 647 2112 tamen
670 2047 758 2130 felix,
783 2054 839 2112 tua

168 2155 244 2237 quia
267 2174 336 2219 sum
359 2154 469 2238 fuique
492 2163 627 2240 postque
651 2161 784 2220 mortem
807 2175 883 2220 mox
907 2175 971 2220 eru.

168 2368 314 2433 ‘Paulina
337 2369 436 2433 nostri
459 2369 599 2452 pecturis
624 2368 796 2450 consortio,

168 2475 270 2540 fomes
291 2474 434 2560 pudoris,
459 2475 619 2540 eastitatis
641 2475 800 2540 uinculum

168 2602 320 2664 amorque
343 2602 441 2666 purus
464 2588 495 2645 et
518 2581 599 2647 fides
623 2581 713 2647 caelo
738 2587 820 2663 sata,

130 2708 288 2755 marsana
310 2689 425 2754 mentis
449 2690 499 2753 eui
523 2689 648 2753 reclusa
671 2687 808 2770 credidi,

167 2814 281 2860 munus
304 2794 436 2860 deorum
460 2793 515 2878 qui
538 2795 719 2860 maritalem
743 2802 847 2860 torum

168 2908 300 2967 nectunt
323 2902 434 2966 amieis
457 2910 489 2967 et
513 2901 640 2986 pudicis
662 2902 807 2984 nexibus,

167 3010 290 3094 pietate
312 3007 435 3090 matris,
460 3009 621 3091 coniugali
644 3008 762 3092 gratia,

168 3135 254 3180 nexu
277 3114 404 3199 sororis,
428 3113 515 3179 filiae
538 3114 697 3180 modestia

129 3249 159 3290 so
169 3229 202 3287 et
226 3228 346 3306 quanta
369 3222 665 3305 amicisiungimur
687 3221 817 3305 fiducia,

169 3328 286 3395 aetatis
310 3348 378 3411 usu,
403 3328 612 3394 consecrandi
636 3328 776 3412 foedere,

169 3436 237 3519 iugi
260 3434 348 3500 fideli
371 3436 509 3521 simplici
533 3435 706 3501 eoncordia

169 3544 283 3607 inuans
306 3543 464 3626 maritum,
489 3541 628 3625 diligens
651 3562 769 3607 ornans
793 3540 922 3608 aulens'.
