2648 3886
174 158 227 212 290
610 170 750 211 nncrnm

149 325 370 383 murmurant
394 324 426 383 et
450 317 565 384 chitari
590 317 686 383 corde
711 337 783 383 cum
805 338 886 383 uoce
909 316 1079 383 decores..

174 425 234 492 hos
257 426 316 490 tihi
338 424 515 491 uersiculus
539 445 610 491 cum
633 409 774 490 lacrimis
790 424 934 490 fecerunt
950 424 1012 509 ipsi
1028 430 1188 510 parentes.

246 581 317 638 CIL.
331 583 373 637 VI
385 583 474 638 30122
494 599 533 638 ex
552 582 671 638 schedis
771 583 803 637 in
822 583 935 652 palatio
952 582 1190 638 Barbarinorum

174 659 208 708 ut
227 654 269 708 ait
288 654 406 709 Donius

246 725 261 778 1
280 741 362 780 mors
381 726 469 795 pueri
488 725 606 792 dicitur,
633 725 719 779 deest
737 722 877 792 concidit,
900 724 1053 795 Vergilius
1076 740 1123 779 me
1141 722 1188 778 ui·

175 798 269 866 ctusq.
289 797 423 866 uoteusq.
443 794 562 851 remitto
671 795 782 851 2Aen.
801 796 842 850 IV
860 797 877 849 2
895 797 1007 850 uolnus
1025 793 1081 850 otit
1098 794 1189 850 uenis

175 869 202 922 et
221 883 306 922 caeco
325 867 466 936 carpitur
484 865 560 938 iqui.
588 868 664 921 haec
684 868 751 936 ipsa
771 882 836 922 ceco
855 872 886 921 et
904 865 975 937 ique
988 868 1075 922 titulo
1090 867 1189 922 reddi-

175 942 238 993 tum
250 940 285 992 iit
294 939 437 1004 Huelsen,
456 954 527 991 nam
540 938 690 992 fluctuant
703 939 883 1007 apographa
895 940 975 992 inter
987 940 1048 992 celo
1068 943 1098 993 et
1116 936 1189 1005 caio,

176 1010 363 1064 concordant
382 1016 484 1064 autem
503 1007 620 1077 inipso
731 1009 749 1062 3
768 1012 942 1079 torroosque
961 1025 1064 1076 unum,
1084 1011 1111 1063 et
1127 1008 1190 1078 for-

174 1096 229 1134 roo
250 1080 363 1150 fasque
388 1081 517 1135 alterum
543 1096 649 1150 apogr.
676 1082 795 1135 correxi
821 1081 989 1136 secundum
1014 1078 1089 1134 Aen.
1108 1080 1135 1135 V
1152 1080 1190 1134 48

175 1149 371 1206 condidimus
389 1153 473 1205 terro
487 1153 648 1220 moestasq.
663 1151 858 1206 coercuimus
877 1167 959 1219 uras,
979 1152 1049 1206 licet
1068 1151 1189 1205 dubites

177 1238 218 1276 an
241 1238 374 1292 arasque
392 1223 469 1292 lapis
488 1223 629 1277 habuerit
654 1223 745 1292 plane
763 1223 895 1277 barbare
1055 1222 1110 1275 4i.
1130 1224 1189 1276 cui.

176 1309 271 1363 prope
291 1299 356 1348 erat
374 1294 518 1363 templum
528 1293 710 1347 Bacchicum
730 1293 901 1349 odeumue?
979 1293 1034 1347 51.
1055 1293 1189 1348 citharae

177 1365 317 1432 chordae,
328 1364 425 1420 armis
435 1363 594 1419 decoribus
605 1363 763 1420 Sallustius
835 1366 852 1419 6
863 1366 944 1419 intra
953 1379 1114 1420 numerum
1123 1380 1191 1418 uer·

176 1433 289 1490 siculos
307 1434 416 1490 moesti
431 1436 530 1505 fecere
544 1451 578 1504 p.

653 1525 718 1590 608

267 1630 359 1696 Clodi
382 1631 521 1698 Noniani

179 1748 282 1822 quem
295 1739 345 1804 bis
370 1738 483 1822 quinos
504 1736 508 1825 Ι
529 1739 699 1804 ducentem
722 1738 849 1805 luminis
872 1735 996 1825 annos!

266 1845 338 1931 pius
361 1846 547 1929 parentibus

179 1951 311 2036 apstulit
335 1959 405 2017 atra
426 1948 430 2038 Ι
451 1950 520 2016 dies
544 1957 576 2016 et
599 1971 716 2017 aceruo
740 1951 851 2017 funere
873 1953 992 2018 mersit.

251 2091 323 2147 CIL.
336 2092 406 2146 XIV
418 2092 489 2146 3333
508 2107 547 2146 ex
566 2092 684 2147 schedis
705 2092 850 2156 (Fabretti
869 2092 930 2160 190,
948 2091 1012 2161 442)
1103 2092 1194 2147 Prae·

177 2168 263 2217 ueste
376 2164 572 2217 continuatur
596 2164 654 2218 VII
668 2162 741 2218 idus
760 2164 836 2244 Auq.
873 2161 987 2217 Bitolis
1005 2179 1094 2218 soror
1112 2162 1192 2218 hiscit

178 2232 244 2289 dies
263 2235 360 2288 XXX.
395 2233 436 2288 Ol.
455 2233 667 2289 Felicissimus
690 2250 728 2289 ere
750 2232 898 2303 petitione
921 2232 1084 2289 memoriae
1101 2237 1192 2303 pater

176 2304 252 2376 filiis
271 2306 363 2369 morae)
382 2304 560 2369 m(ereatih.)
577 2304 673 2374 f(ooit)

250 2377 264 2430 1
287 2376 328 2431 ot.
343 2375 517 2430 Diaouicmi
536 2377 679 2431 traditur:
700 2392 776 2430 corr.
786 2376 907 2432 Dessau
1013 2374 1121 2445 3pius
1140 2392 1193 2431 ex·

177 2452 226 2501 tra
245 2452 428 2502 structuram
449 2449 593 2502 orationis
709 2447 727 2500 4
745 2447 778 2502 V.
798 2445 873 2501 Aen.
892 2447 934 2501 vt
952 2447 1005 2501 429
1024 2447 1068 2500 XI
1085 2447 1120 2502 28
1139 2463 1192 2516 ap-

177 2517 264 2573 stulit
282 2522 353 2573 utra
371 2517 437 2573 dios
456 2521 484 2572 et
500 2518 610 2588 funere
628 2517 736 2573 mersit
754 2519 860 2573 acerbo
884 2520 936 2587 qui
958 2534 1067 2573 uersus
1090 2534 1192 2573 recur-

177 2594 225 2644 ret
242 2589 416 2655 identidem,
446 2589 584 2659 exempla
609 2591 763 2659 congessit
782 2589 906 2644 Rossius
928 2590 1018 2643 inscr.
1038 2590 1137 2644 christ.
1156 2589 1191 2644 R.

177 2659 207 2713 ΙΙ
224 2676 252 2729 p.
265 2660 316 2714 IX.
345 2666 479 2715 ceterum
498 2662 546 2714 hic
565 2676 690 2715 aceruos
709 2661 848 2726 traditur,
869 2662 997 2715 fortasse
1013 2676 1087 2716 uere
1100 2660 1193 2716 siNo·

178 2731 304 2785 uianum
324 2736 354 2785 et
372 2731 500 2785 Vitalem
523 2736 609 2801 pater
629 2732 778 2801 cogitauit
797 2733 903 2786 ambos

655 2874 720 2939 609

178 2999 253 3067 Non
276 2999 386 3064 clausa
408 2998 441 3063 in
464 2998 584 3064 tumulo
608 2999 810 3082 requiescunt
834 3018 907 3064 ossa
929 2998 1076 3083 sepulcro

179 3106 271 3171 istius
293 3125 377 3170 nunc
399 3105 502 3170 iuenis
524 3125 584 3170 neo
608 3124 723 3190 corpus
746 3111 848 3170 morto
871 3110 1033 3171 sacratum

181 3211 302 3295 oes[s]it
325 3217 359 3277 at
383 3210 536 3295 [infernos
628 3260 635 3276 .

252 3349 324 3405 CIL.
344 3351 388 3405 III
408 3352 475 3406 1871
497 3352 623 3407 contulit
641 3352 806 3406 Mommsen
914 3351 1056 3407 Naronae
1075 3351 1193 3407 Delma-

181 3424 281 3474 tarum
388 3439 520 3477 marmor
538 3424 618 3476 infra
638 3424 776 3490 fractum,
797 3438 892 3492 supra
909 3424 1089 3493 inscriptum
1106 3425 1193 3480 Pom·

176 3490 273 3559 portio
292 3491 443 3547 Stercorio
462 3492 582 3563 infanti
600 3491 813 3563 infelicissimo

252 3562 269 3616 2
288 3559 389 3617 iuouis
407 3563 581 3631 Mommsen,
601 3565 768 3620 Paulovich
789 3562 924 3634 insaritis
942 3565 1069 3636 legerat.
1101 3562 1192 3621 istius
