2648 3886
558 172 746 213 HEXAMETRI

144 317 291 382 omnibus
315 317 429 383 officiis
451 320 665 403 praepollens,
689 319 746 386 sed
771 321 877 386 breuis
901 324 992 404 aeuo,

145 424 200 505 qui
223 444 280 489 sex
304 425 353 490 bis
376 424 468 491 denis
492 432 615 491 tantum
639 425 722 510 [oum
745 425 912 512 adusserit
935 449 1036 494 annos

481 583 488 597 .
534 553 585 599 sin
632 583 640 598 .

217 674 288 730 CIL.
307 675 350 728 XI
368 675 440 729 3194
458 691 497 730 ex
517 674 683 731 Garruccio
795 678 827 730 iu
846 692 922 746 agro
941 675 1057 730 Falisco
1077 678 1158 746 irog-

144 751 452 872 mengugioeriiGarr.
472 819 688 889 interpretatus
700 817 824 885 uixerat,
844 819 989 888 supplens
1007 816 1073 872 uiso.
1103 818 1157 873 sed

141 894 319 1014 {amitam
336 888 495 944 lectionem
517 891 687 944 numeralia
709 905 832 960 quoque
854 895 998 960 arguunt,
1021 891 1080 944 ieci
1104 890 1156 944 ad·

614 1051 680 1116 585

142 1174 391 1259 Munifieentliae
415 1174 469 1240 hio
492 1181 627 1241 cunetae
652 1175 695 1259 [et
718 1174 920 1260 pruldentiae
943 1174 1041 1258 solun

141 1282 256 1366 plenus
278 1279 476 1366 Alpxander
497 1280 611 1365 m[orte
635 1288 683 1347 est
707 1287 834 1366 ereptus
858 1283 984 1347 acerba.

214 1421 286 1477 CIL.
305 1422 350 1476 ΙΙΙ
368 1423 466 1492 suppl.
485 1422 555 1478 7417
682 1423 841 1477 Pautaliae
860 1423 926 1478 siue
945 1422 1105 1477 Kiistendil
1123 1424 1156 1476 in

140 1493 272 1548 Thracia
361 1495 462 1564 recepi
481 1495 570 1549 trium
590 1496 621 1548 in
641 1495 742 1564 lapids
761 1494 982 1548 uersiculorum
1003 1494 1155 1562 reliquias,

141 1580 212 1619 nam
236 1570 266 1618 et
292 1566 374 1633 ipsas
397 1567 531 1619 numeris
554 1571 717 1635 conceptas
740 1567 835 1619 fuisse
857 1566 967 1634 probat
986 1566 1155 1619 antitheton

139 1637 352 1690 cunelae-solu.
381 1641 410 1691 et
429 1636 617 1705 praecedunt
636 1638 741 1707 graeei
753 1652 862 1691 uersus
875 1637 977 1706 plures
990 1652 1029 1691 ex
1044 1637 1155 1705 quibus

142 1708 228 1761 ἐσθλὰ
242 1724 347 1774 παραι-,
360 1709 421 1775 ἥρω
437 1710 477 1762 ἐνὶ
490 1713 628 1775 irruptio,
648 1707 822 1776 Δ]ιογενεΐας
838 1708 975 1777 dactylos
990 1707 1154 1762 declarant.

140 1780 291 1833 sententia
310 1794 390 1848 quae
408 1780 542 1849 potuerit
560 1779 660 1833 inesse
679 1779 797 1834 ostendi

612 1939 678 2004 586

141 2064 205 2130 Hie
228 2065 313 2129 iaeet
337 2064 488 2147 ambigua
510 2064 615 2148 pietas
639 2063 730 2129 dolor
752 2070 786 2129 et
807 2062 911 2149 pudor
933 2063 968 2128 in
990 2083 1024 2129 se

142 2172 269 2236 nomine
292 2169 468 2236 Sofronius.

214 2328 287 2385 CIL.
305 2330 363 2384 XII
381 2330 435 2384 880
454 2345 493 2384 ex
512 2329 630 2384 schedis
721 2346 816 2401 prope
834 2328 988 2384 Arelatem
1007 2330 1038 2382 in
1058 2344 1157 2383 sarro-

141 2403 244 2471 phago
265 2402 313 2454 oui
332 2403 428 2454 incisa
447 2405 512 2455 erat
531 2402 616 2455 ureei
635 2406 665 2456 et
684 2404 786 2457 asciae
805 2402 924 2470 effigies

215 2471 231 2524 1
251 2470 380 2541 antiqua
400 2473 528 2526 coniecit
538 2472 711 2526 Mommsen.
726 2474 859 2542 oportuit
874 2472 914 2531 ad
932 2471 1014 2524 hunc
1032 2470 1156 2525 modum

143 2543 203 2596 diei
222 2540 401 2612 ambipuum
416 2540 520 2611 pietas
539 2559 580 2596 an
600 2543 628 2597 d.
648 2543 799 2598 disiuncta
822 2543 872 2597 illa
893 2542 1003 2596 deinde
1023 2557 1156 2610 eompre-

142 2612 318 2668 henduntur
338 2614 386 2676 (of.
399 2613 451 2667 556
471 2630 487 2667 o
507 2614 595 2668 dolor
613 2630 630 2667 o
645 2611 748 2683 pietas
761 2621 790 2670 et
803 2615 857 2681 81),
876 2628 947 2668 nem
960 2611 996 2667 in
1014 2629 1045 2667 se
1061 2621 1106 2667 est
1125 2614 1157 2666 ὲν

141 2685 247 2752 ταύτῷ,
266 2698 329 2737 una
348 2689 382 2738 ut
400 2683 460 2751 595,
475 2699 487 2737 2

614 2792 678 2858 587

143 2918 263 2983 Vltima
287 2917 468 2982 clauserunt
491 2918 664 2982 Parcarum
689 2919 826 2983 stamina
849 2917 902 2982 filo

142 3020 299 3109 Principii
323 3021 494 3088 miserandi
517 3022 612 3106 diem,
638 3043 731 3106 quem
755 3024 859 3107 gloria
882 3023 942 3087 nisi

142 3150 222 3195 auus
245 3129 350 3213 adque
373 3135 466 3213 pater
488 3148 620 3213 puerum
645 3128 764 3194 dedere
787 3128 954 3213 praeclara

142 3235 258 3301 militia
280 3241 459 3320 patruoque
483 3254 540 3300 suo
563 3235 695 3300 iunxere
718 3233 901 3316 fouendum,

116 3362 215 3409 soum
238 3342 374 3427 primum
397 3340 532 3425 pulchra
554 3341 705 3424 lanugine
729 3346 866 3405 sumeret
890 3360 999 3422 annos,

144 3454 327 3533 spectantes
350 3467 501 3532 magnum
525 3446 650 3531 patriae
674 3446 881 3529 columenque
905 3446 1055 3536 futurum,

143 3554 205 3619 heu
228 3554 345 3636 miseri,
369 3553 501 3638 gloriari
525 3553 586 3619 sibi
609 3553 791 3635 laetamque
814 3560 986 3619 senectam.
