2644 3884
586 184 774 225 annnm'rm

136 327 140 335 ’
172 336 379 420 insignesque
402 332 579 418 triumphos
602 333 768 418 relligione
792 333 924 418 dicauit,

173 449 209 508 ut
232 462 326 525 quern
349 441 437 506 fama
460 440 560 506 dabat
584 442 679 506 rebus
702 448 867 525 superaret
891 442 1044 507 honorem

174 555 207 615 et
229 550 330 614 uitam
353 547 449 613 factis
471 555 581 633 posset
604 568 734 633 sperare
757 568 939 633 perennem.

175 657 322 722 conscius
344 654 398 720 hic
421 661 532 720 sancto
556 655 716 720 manantis
739 656 828 722 fonte
851 657 964 721 salutis

136 762 283 829 10sedem
305 763 452 827 uiuaeem
475 762 673 827 moribundis
695 782 815 847 ponere
838 762 999 845 membris

174 870 316 954 corporis
339 868 523 954 hospitium,
547 869 650 934 laetus
673 875 811 935 metator
834 868 980 952 adornat,

173 974 356 1042 reddendos
379 977 465 1041 uitae
489 977 607 1041 saluari
630 975 781 1061 prouidet
804 983 902 1042 artus.

173 1084 373 1167 omnipotens
397 1082 552 1166 Christus,
576 1082 674 1147 iudex
699 1083 890 1149 uenerabilis
913 1090 1011 1167 atque

172 1189 333 1272 terribilis,
357 1190 411 1274 pie
435 1189 636 1274 longanimis,
661 1209 734 1274 spes
757 1188 822 1253 fida
845 1196 1032 1274 precantum

136 1310 163 1351 15
173 1295 290 1361 nobilis
313 1296 448 1361 eximios
471 1295 599 1361 famulis
622 1317 686 1361 non
709 1297 846 1381 imputat
869 1303 971 1379 actus,

172 1402 245 1487 plus
267 1401 350 1468 iusto
374 1401 450 1467 fidei
473 1423 513 1467 ac
536 1403 667 1487 pietatis
689 1403 834 1488 praemia
857 1404 999 1468 uincant.

243 1560 287 1615 Le
295 1560 384 1614 Blant
402 1563 492 1615 inscr.
513 1563 612 1617 christ.
629 1561 705 1616 Gall.
719 1562 734 1616 I
746 1561 808 1627 443,
821 1562 874 1616 335
894 1578 932 1617 ex
946 1562 1118 1617 Flodoardo
1134 1565 1187 1634 qui

170 1648 267 1686 aureo
293 1633 403 1686 decore
423 1634 545 1687 titulum
567 1635 746 1703 inscriptum
765 1635 860 1688 fuisso
885 1635 1030 1689 basilicae
1052 1633 1081 1690 S.
1099 1633 1188 1704 Agri-

170 1703 259 1758 colae
277 1703 418 1757 Remensi
436 1710 542 1758 narrat
646 1705 788 1759 Iouinum
808 1705 936 1758 credunt
955 1707 1050 1760 luisse
1068 1705 1110 1759 Fl.
1130 1706 1187 1760 Va·

171 1774 284 1828 lentem
300 1790 360 1828 cos.
374 1790 401 1828 a.
411 1775 464 1829 367
483 1775 648 1829 identidem
661 1781 861 1830 memoratum
874 1778 913 1830 ab
923 1775 1083 1830 Ammiano
1094 1776 1184 1831 Marc.

243 1846 260 1899 6
278 1846 387 1900 foedus
406 1861 524 1913 uersus,
544 1847 686 1900 insitiuus
705 1852 759 1900 aut
778 1852 980 1901 commutatus
1000 1849 1108 1917 opinor

243 1917 278 1970 10
297 1923 327 1970 et
346 1917 379 1970 11
399 1918 431 1970 in
450 1919 583 1971 carmine
603 1918 765 1972 christiano
779 1917 944 1972 Treuerico
964 1919 1078 1973 saeculi
1090 1918 1116 1971 V
1129 1918 1184 1985 (Le

171 1986 260 2042 Blant
279 1988 351 2042 ibid.
365 1987 426 2054 347,
440 1988 503 2055 242)
522 1989 565 2042 sic
584 1993 764 2069 repetuntur
777 1990 878 2044 sedem
893 1987 1025 2044 uictoris
1043 1991 1183 2059 panderes

168 2074 348 2127 componere
367 2058 510 2114 membris
527 2059 682 2128 fratrebus
697 2061 751 2114 boc
764 2058 879 2115 sanctis
889 2076 1008 2128 porteris
1021 2062 1117 2114 attare
1130 2060 1183 2132 Cy·

169 2128 262 2184 rillus
280 2128 419 2199 corporis
437 2129 605 2200 hospitium
623 2132 748 2186 sanctas
767 2134 895 2186 metator
914 2133 1048 2186 adornat

646 2293 711 2358 303

169 2418 351 2482 Deuotione
374 2415 487 2501 uigens
510 2424 663 2502 augustas
686 2418 819 2483 Pontius
842 2417 933 2483 aedis

169 2524 311 2589 restituit
333 2530 463 2608 praetor
485 2525 580 2609 longe
602 2526 818 2609 praestantius
841 2525 905 2590 illis

169 2649 254 2714 quae
276 2632 402 2715 priscae
425 2636 590 2696 steterant.
626 2631 710 2715 talis,
735 2631 949 2716 respublica,
973 2652 1081 2715 quere.
1110 2715 1113 2722 ¹

243 2788 315 2844 CIL.
328 2789 386 2843 XII
399 2791 452 2845 138
471 2791 597 2845 contulit
612 2791 785 2859 Mommsen,
805 2793 894 2845 inser.
907 2791 994 2846 Helu.
1010 2791 1052 2859 10,
1072 2791 1120 2846 Or.
1132 2792 1185 2846 250

279 2859 402 2916 Seduni.
431 2877 511 2931 pone
529 2878 653 2917 uersum
668 2863 684 2915 1
703 2864 824 2931 insigne
843 2868 970 2932 apparet
981 2861 1184 2917 Christianum

168 2931 224 2999 (Χρ
236 2932 356 2986 mediae
368 2933 447 2987 inter
461 2950 479 2986 α
492 2938 522 2987 et
535 2932 569 3001 ω)
583 2935 670 2987 cuius
690 2935 812 3003 publica
830 2935 986 3003 inscriptio
1005 2934 1090 2987 nulla
1110 2936 1184 2987 anti-

169 3005 261 3072 quius
280 3002 372 3057 habet
392 3004 572 3073 exemplum,
591 3010 625 3058 ut
643 3004 847 3059 Mommsenus
867 3011 897 3058 et
915 3003 1039 3058 Rossius
1060 3004 1184 3058 adnota-

171 3079 251 3128 runt.
285 3089 407 3128 carmen
431 3079 576 3129 secuntur
601 3076 677 3130 haec
702 3077 731 3130 d.
750 3092 781 3129 rr.
802 3072 952 3130 Gratiano
972 3073 1048 3144 Aup.
1068 3075 1133 3128 IIII
1157 3077 1186 3130 et

171 3144 380 3213 Merlobaude)
406 3161 464 3200 cos.
484 3145 616 3227 Pontius
636 3145 867 3216 Asclepiodotus
889 3143 962 3212 ulir)
982 3143 1185 3215 p(erfectissi·

168 3216 425 3357 mittitis
439 3217 922 3359 ‘illitis‘dissaisiti
941 3288 1102 3357 proaem

647 3450 712 3515 304

168 3573 445 3663 Militiaennomen
468 3574 624 3640 dederant
646 3595 809 3658 saeuumq.
834 3576 989 3660 gerebant
