2646 3884
160 162 196 215 10
594 178 741 220 servatur

163 319 275 391 quoius
294 320 433 390 corporis
450 321 599 393 reliquiae
619 326 701 394 quod
720 326 869 394 superant
885 326 958 379 sant
982 323 1017 379 ia
1044 327 1098 382 ltoc
1118 343 1175 396 pa·

162 391 261 447 00010.
300 393 381 462 quod
400 395 470 447 item
492 409 613 448 carmen
633 412 750 465 proque
764 397 906 451 carminis
918 399 1095 452 uetustioris
1107 414 1175 453 uer·

163 465 258 517 siculo
278 464 472 518 substitutum
493 467 601 521 credas
621 468 672 520 tali
693 466 804 538 quoius
823 465 962 535 00100110
981 468 1129 539 reliquiae

163 537 236 590 sant
254 533 288 587 ia
308 535 362 590 hoc
380 540 583 591 molimento.
620 544 682 592 tum
704 543 834 594 fortasse
856 540 894 593 de
913 539 975 593 lilia
994 542 1097 610 agitur
1117 541 1175 596 hoc

161 607 334 676 fragmento
355 605 427 661 CIL.
447 607 545 664 11018
564 608 675 678 quoius
686 611 803 679 format
822 651 829 665 .
849 652 855 665 .
873 651 880 663 .
897 612 900 678 Ι
916 608 1058 666 uicerant
1075 627 1175 667 morea

159 677 262 747 fi...
294 678 376 732 unde
404 679 585 734 Ritscbelius
614 679 788 735 Saturnium
817 684 889 737 fecit
918 680 1029 751 quoius
1054 683 1174 751 formae

163 748 300 804 decorem
318 747 460 804 uicerunt
471 766 570 805 mores
585 759 759 822 comparato
771 752 920 823 Scipionis
930 753 1054 808 Barbati
1074 754 1174 825 elogio

162 820 187 887 7,
212 836 233 874 s.
277 826 376 891 potest
404 821 516 891 quoius
541 823 701 892 formum)
730 825 877 894 t[enaces]
908 822 1049 878 uicerunt
1075 840 1176 879 mores

158 889 247 962 Maec·

650 1003 691 1066 15

234 1144 455 1267 compilationis
475 1143 647 1212 exemplum
666 1144 862 1198 memorabile
879 1143 1082 1200 Mommsenus
1101 1144 1176 1199 indi·

163 1216 244 1269 cauit
264 1214 301 1269 CI
330 1255 336 1268 .
355 1214 369 1267 Ι
390 1215 456 1268 1071
477 1213 518 1268 VI
536 1213 625 1268 23137
644 1214 697 1268 ubi
715 1216 775 1268 uiri
788 1216 983 1285 mulierisque
1001 1217 1175 1271 nominibus

162 1286 312 1340 formulae
332 1286 482 1354 quaedam
503 1300 571 1338 cum
592 1286 811 1354 subicerentur,
831 1302 870 1341 ne
887 1303 1033 1342 numerus
1052 1289 1175 1357 quidem

164 1363 372 1411 consertorum
391 1356 614 1410 uocabulorum
634 1357 826 1425 adaequatus
854 1364 917 1412 est:
937 1356 1002 1412 heis
1022 1361 1095 1412 aaut
1112 1360 1174 1413 dae

161 1427 333 1494 concordes,
352 1427 499 1495 famaque
524 1427 603 1480 0000
622 1425 751 1497 eaesitaq.
779 1427 926 1497 1000010)
948 1425 1052 1498 felinas.
1090 1430 1174 1499 prior

162 1499 293 1554 formula
306 1499 488 1567 principium
503 1513 570 1551 esse
580 1496 713 1551 Saturnii
727 1513 836 1552 uersus
849 1500 955 1567 potuit,
969 1500 1065 1553 altera
1078 1516 1174 1570 prope

163 1571 251 1625 abest
278 1570 317 1623 ab
338 1567 480 1624 Saturnio
510 1570 630 1637 integro
656 1566 798 1638 (easituq.
815 1568 900 1639 fate').
937 1571 1009 1623 talia
1029 1573 1081 1639 qui
1106 1586 1174 1625 con·

164 1643 264 1711 quiret
282 1656 409 1710 sperans
430 1640 596 1709 priscorum
618 1640 786 1710 elogiorum
807 1656 840 1695 se
868 1642 984 1710 aliquot
1008 1642 1174 1710 particulas

163 1718 425 1782 recuperaturum,
453 1727 515 1765 uon
535 1726 605 1765 eum
625 1711 745 1780 quidem
766 1712 858 1766 stulta
879 1728 933 1783 spe
961 1712 1105 1767 delectari
1133 1713 1175 1767 di-

163 1786 274 1852 xerim,
305 1789 336 1837 at
364 1784 564 1837 incertissima
593 1789 792 1841 tamencum
821 1785 896 1838 alias
925 1785 963 1838 ob
984 1799 1092 1839 causas
1111 1789 1175 1839 tum

162 1856 232 1910 ideo
253 1855 335 1924 quod
355 1853 515 1910 Saturnius
534 1870 678 1908 numerus
698 1860 759 1908 tam
778 1856 898 1910 humilis
917 1861 963 1910 est
980 1871 1018 1909 ac
1035 1856 1176 1910 flexibilis

162 1932 197 1981 ut
216 1927 305 1980 facile
333 1927 372 1980 ad
401 1927 547 1996 pleraque
578 1927 736 1981 enuntiata
755 1932 935 1995 torqueatur
955 1928 1051 1991 (uelut
1070 1926 1175 1982 CIL.I

164 1998 233 2052 1072
252 2013 349 2052 caesor
365 1998 459 2068 fraqe
478 1999 557 2051 00110
572 1995 691 2065 pudica
709 1998 843 2052 0011216
863 1999 942 2053 bona
951 1999 1052 2067 proba
1068 1996 1176 2069 fraqei

161 2071 258 2129 salue)

646 2195 686 2258 16

234 2320 404 2390 singulares
424 2335 463 2372 ex
482 2313 922 2387 inscriptionibusdiscernere
945 2333 1054 2371 uersus
1073 2317 1173 2373 Satur-

162 2394 229 2447 nios
249 2391 420 2461 periculosa
438 2406 487 2443 res
507 2395 552 2443 est
571 2395 601 2443 ct
620 2389 678 2443 nisi
706 2393 792 2443 aetas
812 2389 890 2443 tituli
916 2392 1106 2458 externaque
1131 2391 1176 2442 in·

163 2464 243 2518 dicia
262 2469 315 2516 ant
333 2463 464 2516 elocutio
491 2461 665 2530 impulerint
690 2476 812 2514 carmen
835 2465 869 2514 ut
897 2475 1055 2529 ponamus,
1084 2464 1174 2530 plane

161 2536 331 2591 temeraria.
370 2534 422 2586 diu
441 2541 542 2586 autem
562 2531 658 2601 plebis
672 2533 738 2587 sine
750 2532 858 2585 notitia
871 2533 992 2601 penitus
1004 2533 1095 2586 insita
1108 2533 1175 2587 siue

163 2607 232 2661 rudi
252 2604 449 2660 assuetudine
469 2609 611 2657 uetustae
630 2604 731 2671 poesis
749 2603 899 2657 resedisse
919 2605 1095 2657 memoriam
1114 2619 1174 2657 mo·

161 2684 306 2732 numento
337 2676 482 2730 docemur
510 2674 683 2743 Eurysacis.
712 2675 802 2728 huius
830 2675 959 2729 hominis
988 2676 1175 2745 temporibus

161 2750 227 2804 iere
255 2748 391 2816 aequalis
420 2751 486 2799 erat
514 2744 687 2814 Campanus
716 2746 802 2800 cuius
831 2744 903 2800 CIL.
928 2746 941 2800 l
967 2746 1034 2799 1241
1061 2743 1175 2799 xerat

160 2819 347 2900 epitaphium
367 2818 526 2871 habemus:
546 2818 580 2869 P.
594 2815 701 2870 Octaui
719 2816 754 2870 A.
773 2817 791 2870 l.
810 2815 1008 2886 Philomsasi]
1027 2832 1097 2871 ossa
1109 2812 1175 2869 heic

160 2894 222 2945 sita
240 2891 320 2955 sant,
341 2890 422 2942 infra
441 2887 616 2941 indicantur
634 2888 711 2942 fines
729 2890 918 2944 monumenti
932 2889 1046 2957 quique
1059 2888 1174 2940 faciun-

161 2963 234 3016 dum
253 2961 397 3026 curarint,
417 2960 576 3013 interiecta
596 2966 641 3013 est
659 2961 759 3028 prisca
774 2963 941 3028 parentam
969 2958 1173 3028 appellatione

160 3033 302 3088 notabilis
331 3046 368 3084 ac
387 3031 517 3084 fortasse
543 3031 771 3085 ecaerimoniis
799 3032 928 3099 publicis
957 3030 1086 3098 repetita
1114 3029 1173 3081 for·

159 3104 242 3159 mula
270 3104 346 3157 haec
374 3099 440 3156 deis
468 3099 604 3171 inferam
619 3104 787 3171 parentam
842 3117 965 3157 sacrum
993 3097 1174 3163 1110101010,

160 3178 198 3229 cf.
217 3172 306 3298 dicii}
317 3174 485 3243 pareatum
504 3188 590 3227 sacer
603 3174 664 3227 esto
683 3175 715 3227 in
727 3173 848 3243 legibus
861 3174 955 3244 regiis
968 3177 998 3226 et
1005 3172 1175 3240 parentare

159 3248 274 3300 Parent
306 3243 339 3299 10

230 3319 262 3370 10
274 3316 408 3370 uasculis
422 3316 567 3370 ossuariis
584 3315 729 3370 Romanis
742 3315 877 3369 Fabretti
892 3313 934 3379 21,
945 3311 978 3367 91
998 3313 1073 3366 Iahn
1091 3327 1171 3382 spec.

160 3390 255 3470 epigr.
268 3388 312 3455 44,
334 3387 385 3441 173
404 3387 530 3443 Henzen
550 3387 620 3440 7342
639 3388 805 3442 admonitio
825 3387 902 3440 haec
920 3384 1032 3454 legitur
1050 3398 1088 3437 ne
1107 3386 1173 3437 taa-

159 3461 231 3530 9110,
251 3475 268 3514 0
286 3456 435 3525 mortalis,
489 3473 627 3512 reperere
651 3458 859 3523 Manendum,
888 3457 919 3509 10
939 3471 999 3525 qua
1018 3454 1122 3509 Manes
1141 3454 1172 3507 di

179 3547 213 3585 ro
228 3531 274 3586 dis
284 3531 424 3585 Manibus
435 3529 506 3584 dicti
520 3534 591 3583 sunt
604 3534 726 3599 praeter
739 3528 990 3584 consuetudinem
1003 3526 1174 3590 (Phaedrus

156 3549 177 3659 1
184 3602 227 3672 27,
240 3603 257 3656 6
270 3600 406 3657 uiolaret
424 3599 499 3671 qaia
512 3601 621 3656 Mares
640 3601 732 3665 deos).
752 3601 898 3670 proposui
918 3600 1072 3669 quondam
1090 3614 1173 3653 reae-

1306 390 1314 478 l
