2644 3884
132 139 168 194 68
593 152 684 192 mrim

133 297 215 367 quod
237 311 354 352 musam
378 298 548 368 pedestrem
573 313 687 353 uocare
705 298 803 364 liceat,
832 312 893 366 qno
913 297 1029 352 fectum
1049 304 1093 353 est
1111 303 1150 353 ut

132 368 222 423 modo
247 369 335 437 probi
358 370 469 423 senarii
493 369 610 424 solutae
635 370 765 424 orationi
787 370 1029 424 immiscerentur
1055 371 1148 424 modo

133 440 445 563 totumdepigrumma
468 440 555 495 clodo
581 455 671 509 quem
691 439 813 504 Queroli
838 441 967 509 scriptor
996 442 1038 494 ait
1067 441 1149 511 pede

154 525 207 564 roc
248 524 264 564 e
300 514 313 564 t

133 526 152 579 p
204 524 389 651 iigbriisnsem
412 582 638 708 inscribtionem
665 580 781 636 Guerin
808 597 932 652 voyage
958 597 997 636 en
1021 582 1150 638 Tunisie

133 650 162 705 II
182 650 241 719 147,
259 651 312 707 373
331 652 413 716 (inde
427 651 498 708 CIL.
539 652 677 720 1111557)
697 654 776 706 hanc
794 653 923 707 rettulit:
943 654 971 707 d.
983 655 1026 707 M.
1045 653 1147 708 s.Ari·

133 720 188 775 nia
203 721 335 777 Victoria
353 722 476 794 mannis
489 721 626 779 mombus
643 723 770 793 femina,
790 726 823 777 at
835 724 923 779 citius
937 728 1049 780 sectam
1061 742 1150 779 num-

134 808 227 863 quam
250 792 353 849 accedi
367 796 476 863 potest.
513 793 561 849 dic
580 796 706 863 sepuita,
733 797 778 849 sot
796 794 880 849 domi
904 810 943 849 es.
982 796 1018 851 de
1042 795 1164 866 animo⁸

134 865 215 917 certa
234 880 265 919 es
284 862 359 935 quia
377 881 547 937 numquam
566 864 720 935 discedite]
740 881 814 921 mea.
848 867 976 921 Marcus
994 866 1151 922 Motasius

134 933 201 988 dico
226 936 401 1004 sepulcrum
424 936 508 1006 quad
531 935 572 991 sit
595 935 651 991 tibi
674 936 756 992 idem
778 940 806 991 et
824 935 909 992 mibi.
940 936 1021 1006 p(ia)
1040 937 1145 1006 missit)

132 1020 160 1059 a.
181 1005 301 1063 XXXV
315 1007 342 1061 b.
362 1022 385 1061 s.
405 1023 427 1062 e.
456 1008 487 1061 in
507 1021 568 1077 qua
587 1009 624 1063 de
644 1008 747 1063 anima
766 1010 850 1063 certa
869 1011 988 1064 correxi
1009 1024 1079 1063 cum
1097 1011 1150 1065 iile

134 1076 341 1148 descripsisset
361 1078 418 1133 dea
436 1094 522 1133 nemo
542 1081 619 1147 cert,
640 1081 817 1135 accentibus
836 1085 939 1135 nutem
953 1081 1088 1135 indicaui
1104 1096 1150 1136 se·

133 1148 288 1203 aeriorum
306 1154 360 1204 eut
400 1165 478 1205 senc
497 1153 688 1205 senariorum
727 1153 856 1221 rincipia

203 1219 316 1274 ibidem
339 1220 353 1274 Ι
371 1166 432 1289 ios,
454 1221 504 1277 179
529 1223 594 1276 siue
614 1221 686 1277 CIL.
705 1168 776 1276 inii
796 1223 849 1277 682
876 1238 972 1293 prope
1001 1223 1149 1293 oppidum

132 1287 365 1345 Mactaritcnum
389 1293 420 1346 in
444 1293 580 1347 mutilato
600 1293 701 1362 lepide
725 1295 802 1348 haec
820 1295 978 1363 leguntur:
1006 1293 1151 1350 Licinius

134 1359 267 1415 Maurus
285 1359 377 1415 buius
396 1361 497 1431 operis
510 1361 650 1418 conditor
666 1365 670 1430 Ι
687 1362 746 1418 sibi
757 1363 883 1434 suisque
892 1364 1027 1433 posteris
1040 1368 1151 1434 sponte

133 1427 240 1485 tribuit
256 1431 260 1497 Ι
276 1432 398 1487 meineri
418 1435 451 1487 ut
469 1433 587 1502 simper
605 1435 734 1503 Mamas,
755 1435 865 1489 deinde
884 1435 1024 1490 Liciniae
1047 1437 1151 1504 Vr[ba·

133 1498 231 1569 niicae
244 1500 385 1557 Licinius
404 1503 546 1574 [Maurus
566 1505 734 1575 quomdam
752 1521 826 1560 suae
840 1508 918 1561 itanc
937 1505 1039 1575 aperis
1058 1507 1148 1575 sitra-

133 1586 186 1633 em.
213 1578 277 1629 tum
301 1574 479 1630 memoriam
501 1575 575 1644 piae
599 1575 750 1647 coniu9i[s
773 1577 900 1647 face]ret
924 1576 1027 1632 lectori
1055 1577 1151 1648 inque

137 1658 169 1697 eo
188 1660 243 1699 suo
263 1648 395 1714 tempore
415 1646 465 1717 [se]
480 1646 572 1702 simul
585 1665 654 1703 oum
671 1666 707 1703 ea
725 1651 922 1704 concluderet.
947 1648 982 1703 in
995 1649 1065 1704 anis
1076 1650 1156 1706 XIV

138 1714 249 1785 quibus
268 1718 375 1773 datum
393 1721 437 1773 est
454 1721 489 1773 ut
507 1719 604 1788 [ambo
623 1721 697 1790 una]
717 1719 858 1776 uiuerent
872 1723 909 1775 ai.
926 1723 958 1775 in
972 1723 1082 1791 quibus
1095 1737 1152 1775 nu-

137 1802 289 1844 merorum
319 1790 452 1845 studium
480 1792 606 1847 dubium
632 1809 694 1848 non
717 1800 771 1849 est.
804 1798 921 1863 partem
945 1793 1086 1862 suppleui
1110 1809 1152 1847 ex

138 1859 273 1915 eiusdem
284 1862 419 1931 regionis
429 1864 515 1918 titulo
526 1865 709 1934 amplissimo
720 1883 748 1936 p.
756 1866 854 1921 413ss.
869 1864 1029 1934 (almvm
1038 1865 1090 1918 645
1099 1865 1151 1927 ss.)

137 1931 228 1986 trium
250 1934 391 1987 itinerum
415 1939 492 1990 teste
516 1938 568 2005 qni
588 1953 656 1991 cum
676 1943 764 1992 extra
786 1953 946 1992 numerum
964 1937 1153 2005 modumque

138 2002 214 2057 iiisis
239 2004 390 2059 trochaeis
417 2011 447 2059 et
471 2008 579 2062 iambis
598 2007 774 2064 Africanam
796 2025 914 2063 musam
934 2013 1056 2078 optume
1075 2008 1153 2060 inlu·

139 2078 213 2129 stret
232 2080 262 2130 et
282 2077 319 2130 de
339 2079 527 2131 senariorum
548 2081 666 2149 origine
687 2082 819 2136 creuisse
837 2081 988 2146 uideatur,
1011 2080 1067 2133 etsi
1087 2078 1154 2147 pul-

138 2145 252 2202 lulante
275 2148 440 2203 uerborum
463 2149 586 2204 luxuria
609 2154 735 2221 propius
761 2152 800 2206 ad
825 2152 1065 2220 septenariorum
1091 2155 1150 2202 tro·

139 2217 313 2273 clinicorum
336 2220 465 2274 formam
488 2223 624 2290 accessit,
652 2224 725 2277 satis
748 2222 906 2277 commode
927 2222 987 2274 huc
1010 2220 1153 2273 transcri—

138 2287 228 2344 bitur.
257 2307 301 2346 nr.
323 2291 387 2346 185:
417 2292 445 2347 C.
464 2291 544 2347 Iulio
564 2294 693 2347 Proculo
712 2290 938 2348 Fortunatiano
959 2292 1051 2358 pater
1064 2291 1070 2370 Ι
1084 2289 1154 2371 lilio

137 2360 301 2417 memoriae
320 2361 443 2419 titutum
461 2362 521 2418 sibi
544 2367 644 2433 erepto
666 2363 812 2419 reddidit.
833 2367 837 2430 Ι
859 2362 894 2417 in
918 2360 1011 2416 annis
1035 2362 1153 2431 uryrnte

139 2431 258 2489 duobus
277 2451 353 2505 quos
372 2437 489 2490 Parcae
504 2434 728 2505 praefinierunt
746 2434 834 2502 edita,
851 2434 855 2502 Ι
871 2430 1044 2488 innumeris
1066 2430 1153 2486 uitae

138 2502 284 2561 laudibus
303 2523 420 2562 omnem
440 2509 567 2562 aetatem
585 2506 729 2562 reddidit.
755 2509 759 2574 Ι
784 2522 858 2560 nam
876 2520 958 2573 puer
976 2502 1154 2572 pubertatis

138 2579 278 2645 exempto
297 2581 422 2646 optuma
441 2581 512 2632 bene
530 2577 665 2633 uiuendo
678 2577 769 2646 dedit,
786 2574 975 2647 {pubertatis
994 2573 1087 2629 initia
1105 2573 1154 2657 irc<

137 2647 235 2702 ueniti
258 2650 347 2705 corde
366 2648 471 2718 edidit,
488 2650 491 2717 Ι
508 2647 677 2704 iuuentutis
697 2649 796 2705 uitam
814 2663 963 2702 maxuma
987 2649 1155 2701 cocornauct

138 2717 248 2787 yioria,
273 2721 277 2787 Ι
303 2720 347 2775 sic
370 2736 502 2791 namque
527 2723 561 2774 ut
583 2719 617 2774 in
641 2719 751 2791 caciaco
775 2723 908 2790 tempore
930 2716 1035 2772 mattis
1057 2716 1154 2772 annis

138 2788 261 2845 uinerit
288 2793 292 2858 Ι
310 2808 396 2873 puer
422 2790 546 2862 ingenio
573 2790 708 2858 ualidus,
736 2793 834 2862 pubes
853 2789 999 2870 pudicus,
1027 2787 1152 2868 iuuenis

138 2865 244 2917 orator
264 2863 328 2933 furt
352 2863 357 2930 Ι
382 2867 410 2918 et
429 2862 572 2932 publicas
596 2878 687 2918 aures
711 2867 832 2933 togatus
853 2860 967 2917 studiis
990 2861 1154 2915 delectauit

138 2930 213 2988 suis.
230 2934 234 3001 Ι
250 2933 285 2989 in
299 2951 402 3004 paruo
420 2933 524 3005 itaque
543 2938 675 3003 tempore
697 2932 764 2988 uita
787 2932 892 2989 muttis
916 2931 1068 2987 laudibus.
1085 2932 1089 2997 Ι
1105 2929 1153 2984 in·

139 3019 196 3073 qne
215 3003 274 3061 isto
290 3004 396 3074 patrio
415 3022 503 3075 opere
526 3004 648 3060 iuuenis
673 3005 777 3074 [nuato
798 3009 833 3060 ut
855 3019 948 3060 senex
972 3005 977 3071 Ι
999 3005 1155 3072 perpetua-

139 3074 267 3145 qniescit
283 3074 396 3147 requie,
416 3075 567 3132 conditori
587 3076 756 3148 [perJyrato
775 3075 898 3146 spiritu.
924 3092 969 3129 nr.
990 3075 1054 3129 186:
1086 3074 1155 3154 Pal?

138 3143 198 3200 tiae
211 3147 401 3204 Saturninae
411 3147 509 3203 Iulius
522 3147 682 3203 Maximus
695 3149 852 3219 quondam
863 3162 937 3202 suae
953 3147 957 3213 Ι
973 3147 1052 3200 itanc
1065 3160 1152 3215 opere

139 3221 253 3273 struem
270 3218 387 3274 dicauit
405 3235 525 3289 semper
537 3223 572 3274 ut
590 3221 712 3274 baberet
723 3217 844 3274 muneri
860 3219 864 3286 Ι
880 3216 1031 3287 simulque
1043 3232 1155 3271 memo·

138 3289 221 3345 riam
236 3288 310 3360 piae
329 3290 469 3362 coniuqis
485 3291 602 3361 faceret
620 3291 724 3346 lectori
748 3293 752 3358 Ι
777 3289 870 3360 inque
891 3304 923 3344 eo
942 3304 998 3343 suo
1017 3291 1155 3356 tempore

138 3366 230 3417 semet
249 3379 316 3418 cum
330 3379 366 3417 ea
381 3363 577 3418 concluderet.
595 3364 599 3430 Ι
615 3361 649 3416 in
663 3361 755 3417 annis
768 3359 900 3431 triyinta
912 3358 1023 3442 quibus
1040 3360 1155 3440 ⁸etatum

139 3437 183 3487 est
198 3436 202 3499 Ι
219 3437 267 3489 sat
282 3436 378 3503 probe
393 3432 505 3489 mulier
523 3450 591 3488 cum
609 3431 679 3487 uiro
697 3431 780 3487 uincit
791 3448 847 3487 suo
863 3433 867 3499 Ι
883 3429 963 3485 nibil
977 3433 1084 3499 potrus
1103 3445 1155 3483 cu-

131 3503 227 3573 piens
242 3522 335 3576 quarn
352 3508 387 3560 ut
405 3520 464 3560 sua
481 3506 628 3575 aauderet
647 3505 764 3559 domus.
781 3505 785 3571 Ι
800 3518 875 3557 nam
890 3501 925 3556 in
941 3502 1031 3556 rebus
1043 3498 1155 3555 mariti

137 3576 259 3647 struis,
281 3580 380 3632 mater
397 3576 566 3633 communis
585 3573 716 3644 iuuenis,
737 3577 741 3642 Ι
763 3571 898 3645 simplici
917 3572 1021 3628 animo
1039 3572 1155 3629 uineas
