2646 3884
612 175 739 216 SENARII

163 323 416 407 monumentu]m
440 329 475 387 ut
498 322 620 388 faoeret
640 319 644 409 Ι
667 323 810 389 ....de
834 346 868 390 se
892 330 1050 393 oemuelat
1071 327 1075 416 l

162 430 254 514 natu]
280 429 463 512 quadrimus
484 427 488 513 Ι
509 430 599 514 leret,
623 431 796 515 Amoenuls
818 434 956 499 nomine.

238 606 310 661 CIL.
329 607 373 660 IX
390 607 461 660 3955
479 609 661 674 recognouit
680 607 845 662 Mommsen
989 610 1086 667 Albae
1105 612 1183 667 Mar·

162 694 268 732 sorum
286 680 444 732 inuentum
464 680 678 747 fragmentum.
707 679 764 732 lusi
777 681 835 732 ista
853 686 888 735 ut
901 685 931 734 et
944 682 1038 736 luisse
1058 700 1181 739 carmen

165 749 357 803 ostenderem
381 754 410 803 et
430 750 520 818 quale
539 765 605 803 esse
625 751 765 818 potuerit,
789 767 859 804 nam
879 754 1019 821 poeticae
1038 755 1181 824 eloquen-

162 822 227 874 tiae
247 821 380 874 studium
399 836 438 874 ex
458 818 642 890 quadrimus
662 821 760 875 elucet

237 892 252 943 1
268 907 342 946 ...sse
356 894 548 955 coniunctim,
562 908 625 945 non
637 894 838 961 interpunctis
852 895 956 948 uerbis
1064 896 1180 964 2‘pun-

161 968 246 1016 otum
266 968 334 1032 post
352 978 383 1016 se
403 962 529 1016 dublum
548 967 594 1017 est
612 967 772 1032 potestque
791 964 852 1034 legi
873 970 902 1018 ot
915 981 946 1019 ce
960 970 990 1019 et
1002 966 1041 1034 ef,
1061 968 1180 1035 reliqua

162 1034 255 1088 oerta’
280 1033 412 1087 Mumms
432 1050 495 1087 non
515 1035 672 1097 extrioauI,
698 1037 752 1087 uix
778 1042 882 1103 aptum
902 1052 984 1105 pupo
1005 1039 1088 1106 quod
1107 1038 1179 1092 bene

162 1105 246 1158 dese
263 1107 424 1171 meruerat,
438 1105 593 1158 edideram
613 1103 727 1174 quippe
740 1104 845 1174 etipse
863 1110 1028 1177 gemuerat,
1046 1108 1178 1178 denique

160 1192 204 1230 ex
221 1176 286 1229 istis
309 1178 383 1245 ipsis
406 1176 511 1230 litteris
535 1177 616 1229 huno
635 1177 843 1231 extundebam
862 1194 984 1232 sensum
1003 1177 1067 1233 iam
1086 1195 1117 1233 se
1136 1182 1179 1234 ad

162 1245 344 1301 discendum
366 1246 518 1301 studiosse
541 1245 657 1316 optulit,
683 1246 829 1316 artificem
846 1251 881 1301 ut
897 1249 1014 1318 fuceret
1033 1248 1180 1305 domiuus

160 1319 200 1372 de
219 1333 251 1371 se
270 1333 359 1387 quem
376 1317 452 1371 uelit

649 1426 691 1490 80

159 1551 320 1616 Aoeruam
343 1551 429 1615 Ditis
451 1551 557 1634 rapuit
580 1551 733 1616 infantem
758 1550 870 1617 domus

158 1657 302 1723 nondum
325 1659 480 1742 repletam
502 1659 569 1723 uite
594 1658 680 1722 duloi
703 1659 830 1740 lumine,

159 1765 304 1850 puloram
328 1764 488 1847 deboram,
513 1766 603 1847 quasi
628 1765 777 1830 doliolum
802 1766 906 1830 oelitu.

159 1870 216 1936 flet
239 1878 333 1955 pater
356 1879 388 1936 et
412 1879 505 1955 rogat
529 1871 613 1935 tituli
636 1871 742 1953 fidem,

133 1984 196 2043 sut
219 1977 321 2042 onmis
344 1986 434 2044 aetas
458 1985 547 2063 optet
570 1979 620 2043 aei
644 1985 761 2042 terram
785 1979 899 2043 leuem.

234 2153 305 2208 CIL.
324 2155 394 2209 XIV
414 2155 490 2222 1731,
511 2155 665 2210 CardInali
684 2155 808 2224 diplomi
826 2156 974 2224 imperiali
994 2173 1023 2225 p.
1037 2157 1089 2210 257

160 2226 260 2281 Ostiis
297 2228 454 2296 praeeedit
479 2228 508 2281 d.
528 2228 570 2279 M.
595 2229 725 2282 Vareues
746 2225 901 2280 Blesteuis
926 2226 1067 2297 eouiupis
1092 2230 1177 2284 boue-

158 2295 288 2352 merenti
307 2300 335 2351 et
352 2295 413 2352 sibi
429 2297 503 2366 fecit
522 2297 633 2352 Antius
653 2298 816 2353 Successus
835 2295 956 2366 itemque
974 2297 1084 2352 Aretias
1103 2299 1176 2354 Suo-

158 2384 240 2423 eesse
257 2367 339 2436 filiae
359 2368 562 2434 dulcissimae,
583 2384 661 2437 quae
680 2384 774 2436 super
785 2371 914 2422 matrem
926 2384 1016 2423 suom
1028 2367 1112 2423 uiuit
1124 2387 1175 2424 aa.

158 2438 289 2508 m(iuus)
310 2438 351 2493 di.
372 2442 499 2507 XXXX,
527 2455 604 2508 quae
626 2439 690 2509 fuit
713 2442 745 2492 at
763 2437 844 2493 diem
861 2438 970 2493 mortis
989 2455 1063 2494 suae
1081 2457 1175 2496 anuo-

159 2527 232 2565 rum
249 2512 323 2565 VIII
338 2528 392 2565 me.
408 2513 483 2565 VIII
498 2509 539 2565 cti.
553 2512 615 2566 XV
628 2528 677 2581 ep.
694 2510 772 2574 (dele
792 2515 826 2562 ut
840 2516 939 2563 ortum
959 2526 997 2564 ex
1011 2516 1174 2576 aceruum).

158 2583 357 2650 subsequitur
375 2584 429 2636 boo
447 2581 667 2637 monimentum
686 2584 758 2650 quot
777 2583 820 2634 est
839 2580 872 2635 iu
888 2584 980 2649 parte
999 2583 1111 2636 deutra
1129 2582 1174 2636 iu-

158 2652 314 2707 troutibus
334 2652 461 2708 adiectis
474 2651 658 2708 columbulis
671 2669 701 2706 u.
715 2654 780 2706 XII
789 2651 839 2706 tib.
854 2652 970 2707 liberta.
982 2652 1173 2724 postepisq.)

158 2741 267 2778 aerum
281 2725 360 2794 (lege
373 2729 516 2789 aeorum).
547 2741 669 2779 carmen
684 2726 756 2779 satis
769 2734 933 2778 uenustum
949 2741 987 2778 ex
1001 2726 1175 2793 antiquiore

160 2797 344 2865 descriptum
374 2798 523 2866 exemplo,
551 2802 585 2849 ut
610 2811 718 2849 uersus
743 2796 762 2849 4
783 2797 940 2850 mutilatus
966 2796 1175 2866 mendosaque

157 2869 311 2935 scriptura
330 2869 440 2936 probat

232 2938 246 2990 1
276 2939 418 2992 acerbam
444 2939 595 3007 uirginem
615 2938 711 2991 Varro
734 2935 895 3007 Agathone
925 2938 1009 3006 dixit,
1038 2940 1174 2993 erebrius

159 3024 240 3078 quae
263 3009 440 3063 immaturos
463 3011 566 3063 marsii
585 3025 666 3063 mors
685 3011 752 3078 ipsa
776 3010 827 3063 uel
850 3011 943 3062 funus
964 3010 1007 3062 sio
1026 3014 1071 3062 est
1090 3012 1174 3063 uooi-

158 3085 256 3134 tatum
379 3082 484 3134 tuate
507 3079 606 3133 editur
728 3080 783 3133 31.
803 3080 944 3133 caelitum
1066 3079 1175 3149 4fleut

154 3154 248 3220 pater
276 3153 302 3205 et
329 3154 426 3205 uiator
453 3154 480 3205 et
510 3153 622 3220 repant
646 3151 707 3205 tale
734 3152 766 3204 in
795 3150 933 3218 exemplo
959 3151 1053 3204 fuisse
1081 3152 1173 3206 oredo

160 3222 243 3290 quod
272 3239 341 3276 oum
365 3221 475 3276 Antius
499 3227 620 3276 mortua
651 3223 771 3291 puellae
799 3227 895 3275 matre
918 3237 981 3274 uon
1008 3224 1174 3278 conuenire

158 3294 217 3348 sibi
230 3294 356 3360 uideret,
377 3295 540 3364 amputatis
557 3294 661 3347 uerbis
680 3299 821 3346 trunsum
838 3292 1023 3346 uersibulum
1042 3294 1173 3361 reliquIt.

159 3365 231 3418 olim
259 3365 341 3433 quod
365 3370 545 3433 temptarem
573 3381 640 3418 eam
660 3366 711 3434 flet
731 3366 823 3432 pater
845 3364 993 3432 repetique
1011 3378 1071 3430 per
1090 3363 1174 3418 tituli

156 3435 249 3504 fidem
268 3437 310 3504 (in
328 3436 515 3490 FleckeIseni
534 3436 636 3489 annali
657 3436 726 3489 1858
746 3452 774 3504 p.
788 3436 842 3500 76),
867 3449 902 3487 eo
923 3448 1016 3487 causa
1036 3435 1175 3489 desectus

159 3507 413 3629 nonlexplioatur.
436 3508 514 3561 tituli
530 3513 618 3576 pater
630 3508 720 3560 fidem
733 3510 889 3575 tamquam
902 3505 1029 3558 deorum
1039 3505 1175 3559 Manium

158 3579 301 3646 imporat
