2648 3886
158 157 212 212 242
598 167 738 208 unorum

160 318 230 372 1487
338 316 452 369 Romae
470 315 528 368 fuit
546 316 578 367 in
598 312 670 368 arca
690 328 870 367 marmorea.
899 312 1065 381 praecessit
1085 312 1114 365 d.
1134 312 1176 365 M.

160 384 309 444 Laberiue
328 385 536 441 Alemanni-iae
555 401 633 455 quae
653 383 756 452 (uiuit)
777 400 850 439 ann.
870 385 902 436 X
918 400 957 438 m.
981 383 1008 437 V
1022 383 1052 436 ct.
1076 383 1136 437 VII
1150 385 1177 436 et

160 459 290 517 Siluano
309 455 376 528 q(ui
394 461 435 521 u.)
455 473 505 510 an.
530 457 572 511 VI
586 473 626 510 m.
650 457 677 510 V
692 457 720 509 d.
741 455 840 509 XIIII

232 531 413 599 ioemperq.
434 527 578 583 habitura
598 526 717 582 Gudius
826 527 843 580 3
862 541 938 596 quos
958 527 987 588 (i.
1006 524 1106 592 natos)
1126 524 1177 578 Mi-

160 603 253 657 lesius
272 617 309 654 ac
328 600 512 655 Muratorius
533 599 610 666 1181,
629 599 654 665 4,
680 598 822 667 probauit
841 598 990 666 Meyerus
1014 597 1107 665 idque
1126 611 1178 650 uc·

160 689 229 728 rum
255 672 411 725 uidebitur
435 671 603 725 conterenti
627 669 693 723 u.4
716 668 841 738 quibus:
871 684 930 738 quo
956 667 1082 733 Gudius,
1111 683 1178 736 pro-

160 745 247 799 bauit
269 743 442 806 Henzeuus,
467 742 561 810 idque
585 757 640 810 per
665 756 697 794 se
721 741 841 794 facilem
865 740 958 794 habet
982 739 1176 808 explicatum.

161 815 245 886 quod
268 816 394 882 superat
422 815 451 876 (i.
475 813 624 882 reliquam
649 815 791 875 aetatem)
821 812 950 865 coniecit
975 810 1176 876 Burmannus,

160 888 232 941 riam
251 886 299 939 hle
317 900 380 938 non
398 886 497 937 minus
517 899 608 952 quam
628 883 721 937 ceteri
745 889 838 951 atque
862 884 927 951 lpse
945 881 1110 936 Henzeuus
1128 896 1177 934 su·

86 992 91 1029 9
158 958 248 1027 perat
276 957 363 1025 quasi
387 957 434 1009 sui
458 955 532 1008 iuris
556 956 685 1009 uerbum
710 969 746 1007 ac
770 968 831 1007 nou
856 968 1007 1007 conexum
1031 952 1176 1018 habuere,

162 1034 326 1084 astantem
349 1042 443 1095 super
460 1024 588 1080 aduiuet
716 1023 818 1093 lipse
838 1025 887 1078 ille
907 1025 1028 1079 coniux.
1060 1022 1176 1076 hiatum

160 1101 193 1154 iu
212 1098 445 1153 fineHenzenus
465 1097 737 1152 sicutMuratorius
750 1097 877 1160 notauit,
898 1111 959 1149 nou
971 1093 1097 1149 Gudius.
1127 1108 1176 1155 nc-

162 1186 222 1240 que
241 1170 408 1239 quidquam
428 1169 534 1222 deesse
554 1180 629 1237 puto

639 1348 705 1412 505

162 1474 224 1539 Hic
248 1493 309 1557 ego
333 1491 401 1537 sum
425 1471 530 1572 posita
546 1472 649 1553 Irene,
675 1490 757 1553 quae
778 1470 845 1535 uixi
863 1470 976 1534 XVIII
992 1467 1177 1548 kalendis).

162 1579 246 1645 haue
269 1577 332 1643 mei
355 1577 398 1641 rni
422 1578 536 1642 misere
560 1580 760 1662 posuertunt)
784 1577 865 1642 arka
887 1583 1048 1662 parentes.

235 1754 310 1811 clu
321 1753 365 1808 XI
376 1754 429 1809 466
443 1755 539 1809 deser.
549 1754 703 1808 Burmann
775 1752 904 1807 ArimIni
918 1755 950 1806 in
965 1768 1037 1806 arca
1050 1766 1177 1805 marmo-

163 1843 219 1882 rea
302 1827 449 1880 adhaeret
462 1824 673 1880 Felicissimus
685 1825 762 1894 Auo.
782 1824 831 1879 lib.
851 1827 879 1878 et
892 1824 1071 1893 Furfulanu
1090 1822 1177 1875 Irene

235 1898 250 1949 1
271 1898 310 1951 ad
329 1898 539 1951 hexametrum
558 1898 628 1951 tolle
643 1910 721 1966 quae
733 1895 811 1962 uiui,
831 1897 906 1951 effer
919 1895 1019 1949 decern
1032 1896 1105 1948 octo.
1132 1898 1178 1947 tot

164 1969 278 2024 scilicet
297 1983 417 2023 menses
436 1970 557 2022 uixerat
663 1968 680 2020 2
699 1970 717 2020 i.
731 1969 790 2021 mei
809 1973 952 2036 parentes
964 1966 1036 2019 mihi
1049 1966 1178 2019 miserae

640 2146 706 2211 506

165 2274 229 2339 Hic
251 2279 320 2338 erat
343 2271 396 2337 hic
419 2272 549 2356 primus,
573 2272 700 2356 genitor
722 2279 758 2336 ut
780 2271 901 2354 glorius
924 2290 1036 2352 essem,

165 2380 192 2446 si
215 2381 358 2446 Fortuna
382 2379 509 2462 quidem
534 2377 609 2443 falls
632 2398 695 2442 non
718 2377 812 2443 laeua
834 2377 957 2443 fuisset.

238 2555 309 2612 CIL.
329 2555 372 2610 XI
391 2555 461 2609 2329
481 2570 520 2609 ex
539 2555 657 2609 schedis
783 2555 815 2606 in
834 2569 910 2623 agro
930 2553 1052 2609 ClusIno

165 2629 385 2697 praescriptum
406 2627 435 2680 d.
446 2627 489 2679 M.
508 2642 531 2680 s.
542 2627 577 2679 L.
589 2622 715 2680 Fonteio
733 2623 885 2680 Victorino
903 2622 987 2679 uixit
1004 2640 1076 2678 ann.
1087 2624 1183 2677 XXII

164 2714 203 2752 m.
218 2698 293 2753 VIII
308 2698 338 2751 d.
353 2698 458 2752 VIIII:
478 2695 624 2751 Fonteius
634 2695 807 2765 Dionysius
823 2695 988 2766 filli01kan
1016 2697 1053 2749 cf.
1066 2695 1179 2748 ibidem

164 2769 236 2823 2330
256 2767 370 2823 Gelliae
389 2767 464 2822 Nice
483 2770 518 2821 L.
539 2766 685 2822 Fonteius
709 2765 882 2848 Dionysius
904 2765 1029 2837 coniuyi
1052 2763 1179 2820 kausei-

164 2840 342 2910 manuque
356 2839 391 2892 in
406 2840 562 2893 aeternum
572 2836 882 2893 desiderantissimae.
899 2840 979 2893 tertii
990 2841 1055 2892 fere
1065 2837 1179 2891 saeculi

238 2911 252 2963 1
273 2909 321 2965 lu‘c
340 2912 406 2964 erut
424 2911 508 2964 testis
528 2925 617 2976 unus,
635 2910 751 2979 fecerat
769 2910 877 2978 reliqui
983 2907 1103 2978 qlooiuo
1122 2923 1178 2977 pro

164 2982 298 3106 glorioso
319 2980 491 3035 deriuatum
511 2996 550 3035 cx
568 2977 722 3050 inqloriuc
741 2995 855 3034 nouum
874 2981 1059 3034 uocabulum

201 3053 234 3108 V.
253 3051 329 3107 Aen.
349 3052 378 3105 II
396 3051 432 3106 54
450 3049 479 3106 si
494 3051 565 3120 fata
586 3052 684 3119 deuna,
704 3049 732 3105 si
750 3066 836 3106 mens
853 3067 916 3104 non
935 3051 1024 3105 laeua
1041 3047 1155 3119 fuisset

642 3213 706 3277 507

166 3337 326 3421 Tempera
349 3336 414 3403 iam
437 3337 564 3421 genitor
587 3336 728 3402 lacrimis
752 3344 861 3420 tuque,
885 3335 1008 3422 optima
1029 3343 1141 3418 mater,

166 3441 278 3508 desine
301 3442 366 3508 iam
389 3443 476 3509 flere.
511 3464 649 3529 poenam
672 3465 735 3510 non
758 3443 861 3510 sentio
884 3442 1010 3525 mortis;

165 3568 273 3636 poena
293 3550 354 3615 fuit
377 3550 455 3633 uita,
479 3549 605 3634 requies
627 3551 707 3617 mihi
729 3557 830 3616 morte
852 3556 968 3636 parata
991 3557 1050 3617 est.
