2644 3884
584 197 711 238 SENARII

138 343 265 427 peculio
287 362 421 428 pauper,
446 344 552 409 animo
576 344 797 410 diuitissimos.

139 449 221 514 bene
243 450 352 514 ualeat
375 450 402 515 is
426 451 480 533 qui
503 451 565 516 hoo
589 451 714 515 titulum
737 453 876 536 perlegit
899 473 1014 519 meum.

212 625 283 680 CIL.
294 626 335 680 VI
347 627 425 694 8019,
445 627 570 681 Henaen
581 627 651 682 6293
752 644 791 682 ex
811 630 997 684 columbario
1007 631 1156 686 Romane.

138 712 248 751 uersus
268 698 284 752 'l
304 699 458 766 perbonus
477 701 623 765 senarius,
644 700 660 753 6
679 715 778 768 paene
797 701 897 754 bonus

210 769 227 822 'l
246 769 301 822 hoc
319 767 449 835 titulum,
469 771 523 824 hoc
542 771 693 824 tumulum
712 773 775 825 sim.
795 771 898 840 plebes
917 774 1048 827 maxime
1061 772 1156 828 Grae-

140 840 209 892 cula
229 839 358 906 dicebat,
378 845 484 894 contra
494 840 627 895 Romani
645 842 807 897 uernaculi
820 841 961 911 plurima
978 859 1017 897 eoo
1035 841 1156 897 neutris

139 910 310 964 musculiue
322 927 430 981 ponere
438 911 545 980 potius
555 912 717 967 eurrutiaut
729 916 764 967 ut
776 915 856 968 huuc
869 916 1021 969 theatrum
1034 917 1061 969 et
1073 916 1157 969 huuc

136 979 320 1051 prodipium
339 982 590 1051 (Fortunatianus
606 985 680 1038 rhet.
701 985 741 1037 IV
759 985 787 1051 4)

618 1181 681 1245 135

140 1323 466 1387 ...seii.xi.
560 1371 567 1386 .
661 1373 667 1387 .

140 1478 148 1491 .
197 1477 204 1491 .
253 1448 318 1494 .se
342 1429 462 1494 somnis
484 1429 728 1511 frequentiam.
821 1480 828 1495 .

141 1585 147 1599 .
197 1585 204 1599 .
257 1534 301 1619 tle
324 1536 515 1618 quicumque
538 1536 624 1601 huno
647 1537 729 1620 legis
753 1538 879 1602 titulum

140 1691 148 1707 .
197 1691 204 1706 .
253 1692 260 1707 .
284 1662 336 1706 mo
359 1641 570 1726 Arphooratis
593 1642 742 1708 discedas

213 1818 284 1873 CIL.
304 1817 374 1871 VIII
394 1819 490 1887 suppl.
512 1819 599 1873 13265
619 1819 658 1872 ad
678 1824 821 1889 ectypum
927 1821 1104 1892 Carthagini
1122 1824 1155 1877 in

138 1890 242 1958 lapide
261 1892 350 1959 nigro
371 1905 409 1944 ex
429 1892 587 1958 superiore
605 1894 692 1959 parte
712 1897 742 1946 et
762 1893 884 1945 sinistra
903 1897 1044 1947 truncato

138 1962 163 2014 si
188 1977 250 2014 non
275 1962 401 2015 fuerunt
423 1962 516 2014 iambi
541 1960 633 2025 (discit
649 1961 726 2030 fore,
751 1964 866 2017 nostras
884 1966 918 2016 ut
938 1962 1004 2033 ipse
1023 1963 1156 2019 somniis

135 2029 345 2102 frequentiam
371 2033 511 2099 praestet.
554 2035 580 2086 te
609 2031 792 2104 quicumque
820 2034 900 2089 huuc
926 2033 1002 2104 lepis
1029 2034 1156 2090 titulum

136 2119 220 2173 rupo,
248 2104 282 2156 ut
304 2104 373 2157 lunc
396 2104 472 2157 bouo
499 2101 602 2158 auimo
625 2104 828 2173 Harpocratis
852 2104 994 2161 discedas
1017 2110 1152 2173 memor),

137 2180 240 2229 tamen
260 2176 402 2228 carminis
420 2175 538 2229 flosculi
559 2182 637 2229 sunt.
667 2182 735 2245 post
754 2175 877 2231 titulum
897 2178 979 2246 quod
998 2179 1155 2247 interpun-

138 2250 219 2299 ctum
238 2251 291 2313 est,
311 2246 342 2298 id
361 2247 562 2315 inperfectam
581 2249 679 2316 magis
700 2264 791 2316 quam
812 2249 964 2318 expletam
984 2251 1153 2304 orationem

138 2332 172 2369 ar
196 2318 241 2370 uit
813 2356 814 2359 =

173 2333 225 2440 gi
245 2389 281 2442 cf.
302 2387 437 2457 Propert.
458 2389 499 2443 IV
518 2389 560 2456 11,
580 2389 615 2444 82
735 2389 753 2443 4
771 2390 808 2443 ub
829 2392 953 2444 aeterua
972 2391 1061 2445 domo
1082 2406 1155 2460 pro·

137 2460 240 2528 posuit
258 2458 424 2513 Mommsen

616 2639 679 2703 136

135 2780 309 2844 Aeternam
332 2779 375 2844 ad
398 2780 506 2844 Ditem
530 2783 623 2846 uluos
647 2781 754 2845 effecit
778 2780 916 2846 domum.

209 2955 281 3011 CIL.
301 2956 344 3009 IX
360 2956 431 3010 3409
452 2956 547 3010 deser.
568 2957 673 3011 Brunn
693 2962 722 3012 et
741 2958 863 3012 Dressel
974 2957 1153 3027 Capestrani

136 3029 168 3080 in
187 3027 318 3081 Vestinis
429 3029 485 3082 sub
506 3043 542 3082 eo
555 3044 650 3083 uersu
668 3031 700 3082 in
719 3029 820 3097 lapide
842 3030 960 3099 effigies
980 3034 1026 3083 est
1046 3033 1153 3099 portae

138 3100 226 3167 quasi
244 3100 356 3154 ianuae
376 3099 454 3152 Ditis

209 3171 346 3224 senarios
363 3186 402 3224 ex
422 3170 595 3239 scalpturae
607 3172 758 3224 uarietate
775 3171 884 3239 colligo
897 3172 929 3224 in
942 3170 1042 3225 medio
1058 3172 1152 3225 fuisse

138 3242 227 3321 cippo
247 3240 415 3295 Veronensi
435 3240 506 3296 CIL.
526 3240 552 3294 V
571 3242 667 3311 suppl.
687 3242 741 3296 634
759 3244 914 3295 aeteruum
934 3240 1028 3310 oloepi
1049 3241 1155 3310 facere

136 3327 229 3366 uiuos
254 3311 342 3381 hauc]
370 3313 502 3380 domurn,
532 3327 625 3381 quoru
646 3312 812 3380 [uesttocaa‘
831 3311 945 3367 couiuoe
971 3311 1095 3437 concupi
1114 3311 1153 3379 etl

136 3381 232 3451 milui,
262 3385 428 3453 praecessit
453 3384 618 3452 coniugum
643 3385 797 3451 memoria,
822 3389 891 3453 post
908 3386 1008 3438 uetari
1026 3386 1058 3438 ui
1081 3389 1152 3437 etur

135 3459 365 3509 monumentum
385 3454 513 3508 heredes
532 3469 572 3508 ne
591 3459 738 3523 sequatur
