2634 3892
158 150 211 210 378
594 166 733 207 oacrum

231 313 370 368 IosKlein
389 314 421 366 in
440 314 542 366 annali
563 314 654 382 antiq.
674 311 769 366 Bonn.
790 311 887 367 XCIII
906 311 976 366 1892
994 327 1022 380 p.
1039 310 1074 364 26

159 386 330 455 Rigomago
350 385 498 437 translata
516 385 655 438 Bonnam
674 384 779 437 tabula

230 457 247 510 2
271 456 395 524 picibus
419 455 496 524 lapis
515 461 550 509 ut
568 456 699 519 uidetur,
719 455 799 509 idem
817 455 835 508 3
853 469 946 508 notro
965 469 1028 506 non
1044 452 1177 520 scalptu-

160 543 213 582 rae
232 529 330 596 magis
344 542 435 596 quam
452 528 709 595 pronuntiationis
728 527 802 580 uitio
818 524 901 593 (CIL.
912 523 1021 579 xisto
1036 520 1177 594 poenisq.

160 599 275 666 corum)
378 597 397 650 4
414 596 533 651 dubitat
552 596 650 651 editor
668 599 723 650 tan
742 613 781 650 an
801 599 851 650 tar
869 596 1034 665 legendum
1053 596 1091 649 sii
1109 593 1175 663 plu·

160 685 269 739 rosque
289 680 449 738 praeterea
470 670 502 721 ln
525 684 561 723 eo
580 683 673 723 uersu
693 669 811 722 litterae
831 669 951 735 fuerInt,
976 667 1112 736 praefert
1130 669 1177 718 ta·

158 757 229 795 men
248 738 335 795 tanti.
363 740 394 792 id
413 740 536 794 uidetur
554 739 659 794 ualere
678 737 822 809 dignetur

637 881 701 947 795

160 1008 351 1090 S(an)c(ta)c
372 1007 595 1088 m(e)m(oriae)
613 1006 723 1071 Celsus
745 1005 942 1091 cp(iscopu)s
959 1005 1046 1070 claro
1063 1024 1104 1069 ex
1119 1023 1178 1088 ge·

195 1174 198 1179 .
943 1131 1019 1178 nore
1042 1117 1129 1176 ortus

160 1204 275 1269 Custos
298 1203 406 1287 gregis
430 1202 537 1267 ouium
562 1202 681 1268 Christi

160 1310 317 1395 Exemplo
340 1309 416 1375 boni
440 1308 545 1393 operis
569 1307 679 1373 docuit
702 1314 834 1373 cunctos
857 1307 943 1372 uiam
966 1306 1089 1389 salutis,

161 1417 273 1500 Liquit
295 1415 456 1498 mundum,
482 1415 609 1480 celitem
632 1414 690 1481 sed
713 1413 872 1480 scandens
895 1413 938 1479 ad
962 1412 1081 1496 sedem,

137 1524 372 1590 aSaoerdotum
396 1521 519 1606 delc]us
543 1522 701 1587 ecclesiae
725 1523 844 1607 optimc
868 1522 987 1603 loquax
1010 1525 1043 1585 et
1065 1519 1152 1585 altor

161 1632 336 1696 Voluntate
359 1630 501 1695 sincerus
526 1649 564 1693 ao
588 1629 788 1712 benignitate
812 1627 1014 1714 praecipuus,

162 1738 270 1803 Solous
293 1737 336 1803 ad
359 1736 564 1818 audiendum,
589 1736 729 1801 clemens
752 1735 794 1800 ad
818 1733 1047 1819 ignoscendum

161 1845 204 1909 Et
227 1845 279 1910 cui
303 1843 414 1909 diuina
437 1843 655 1928 opitulabatur
677 1843 784 1926 gratia
807 1862 944 1926 semper,

161 1953 342 2017 Priscorum
367 1949 485 2033 dogma
508 1969 640 2014 seruans
663 1955 801 2033 patrum,
825 1947 969 2032 perfecta

124 2084 151 2122 ιο
160 2057 324 2123 Industria
346 2055 473 2121 adhesit
497 2056 612 2121 mentis
635 2075 710 2120 mox
733 2060 769 2119 ut
791 2055 909 2119 uitaret
933 2052 1071 2134 obiecta,

161 2164 285 2231 Stolam
308 2161 489 2228 sanctitatis
513 2161 635 2226 meritis
658 2160 808 2245 adeptus,
832 2165 943 2244 pastor
965 2157 1081 2241 fidelis,

161 2251 301 2355 Corpore
324 2270 462 2351 integer,
486 2267 614 2333 Christo
630 2287 672 2335 >se
697 2266 820 2331 dicauit
844 2266 877 2330 in
902 2264 1035 2347 cunctis,

161 2376 278 2462 Opifcx
301 2374 388 2455 boni,
413 2375 460 2440 sic
477 2373 672 2457 ⁴euangelica
695 2372 808 2457 implet
830 2377 1015 2456 praecepta,

160 2485 309 2565 Puroque
334 2480 431 2547 corde
455 2464 583 2546 Christo
607 2481 747 2545 seruauit
770 2478 989 2544 inuiolabilem
1012 2475 1120 2559 fidem,

125 2615 151 2655 15
161 2590 270 2654 Vitam
293 2588 451 2671 transegit
474 2587 507 2651 in
530 2587 658 2652 saeculo
681 2586 757 2650 LIV
780 2605 906 2651 menses
929 2585 1004 2666 VII,

163 2695 228 2761 Sed
251 2696 402 2778 migrauit
426 2693 468 2759 ad
493 2693 653 2758 dominum
678 2694 736 2758 sub
760 2692 805 2757 id.
829 2692 950 2777 Aprilis
972 2690 1038 2756 ind.
1064 2690 1154 2756 VIII.

163 2802 335 2868 Gratianus
347 2820 421 2866 suus
435 2820 528 2865 carus
540 2806 573 2864 ct
585 2800 684 2864 leuita
697 2801 823 2864 ornauit
835 2797 973 2863 amando
985 2797 1180 2882 sepulcrum.

234 2941 306 2996 cun.
325 2941 351 2996 v
370 2941 441 2995 arao
460 2956 499 2995 ex
521 2940 650 2994 renero
669 2912 735 2992 usta
754 2937 782 2993 s.
802 2938 926 2992 ausona
1026 2936 1085 2990 ruit
1103 2936 1183 2992 uer-

108 3029 110 3033 ·
163 3014 252 3068 cellis.
282 3013 457 3066 acrostichis
478 3011 508 3065 S.
530 3010 632 3065 Celsus
652 3009 813 3080 episcopus

232 3085 251 3137 4
268 3083 401 3139 coelitem
421 3084 526 3150 fertur,
546 3082 563 3136 5
582 3083 658 3136 deas
760 3082 794 3134 10
812 3079 922 3135 uocatas
940 3077 1039 3133 iocoue
1057 3082 1132 3149 puto

635 3225 700 3289 796

163 3333 296 3417 Species
318 3340 465 3415 nonusis,
488 3352 577 3397 mens
601 3333 652 3396 cui
676 3330 789 3395 aderat
811 3330 929 3415 prisca,

162 3439 246 3503 lacis
270 3431 344 3503 inde
367 3438 483 3504 flebilis
504 3437 707 3508 adtumulata
731 3456 818 3519 coco,

161 3542 284 3611 Nardei
307 3546 361 3627 qui
385 3544 496 3609 sedulo
521 3552 553 3609 et
576 3543 716 3609 ambaris
740 3542 873 3609 odorem
