2648 3886
549 174 738 215 uuxauurni
1101 155 1155 210 239

214 325 286 383 CIL.
305 325 349 380 IX
366 323 437 378 3968
456 324 552 379 deser.
571 322 737 377 Mommsen
861 320 958 376 Albae
976 320 1154 384 Marsorum,

139 401 250 479 cippus
270 399 468 478 detruncatus
481 396 521 449 ad
535 399 711 463 septuncem
810 393 1034 474 praescriptum
1053 392 1082 446 ol.
1093 392 1136 445 M.
1148 388 1152 461 l

59 617 62 621 ¹
141 470 271 594 dedalei..
282 465 807 610 &31ngprtliffielbuppffishgtoeil
800 480 831 590 gc
839 505 958 589 litterae
972 534 1079 589 abusio
1094 549 1154 603 quo

141 619 280 739 tempore
298 611 391 664 Probi
415 609 570 678 appendix
594 613 624 662 et
647 608 784 661 instituta
803 608 914 661 artium
934 606 1056 660 condita
1076 610 1153 672 sunt,

143 685 182 739 ei.
229 682 291 736 LK.
311 681 352 737 IV
371 698 399 751 p.
413 680 504 746 leat
522 680 664 749 locuples,
683 694 747 733 uon
765 679 905 746 locuplex
1024 676 1042 727 a
1061 691 1155 745 quon·

141 758 203 810 iam
221 755 300 808 male
318 754 434 806 factum
446 767 512 807 esse
525 766 649 805 uersum
666 754 802 820 apparet,
821 750 941 804 nescias
959 763 999 801 an
1018 747 1156 801 additum

143 828 237 881 fuerit
255 825 392 893 acerbaq.
413 824 457 877 est
474 824 569 877 morte
583 823 745 891 perempta

614 948 680 1012 499

144 1059 215 1124 Hoc
238 1056 393 1141 [tum]ulo,
417 1057 583 1137 Pontiane,
608 1055 705 1137 iaces,
730 1032 865 1138 [seculae
888 1053 1042 1135 laborum,

144 1166 233 1230 cuius
256 1169 334 1249 aput
359 1162 515 1248 [supe1·]0s
538 1182 663 1246 semper
685 1163 740 1246 pia
763 1159 849 1224 fama
873 1158 1023 1244 [feret]ur,

143 1293 218 1336 nam
241 1277 297 1336 tua
320 1269 519 1355 simplicitas
543 1268 635 1352 aeu]o
658 1266 876 1352 memoran[da
898 1265 1057 1349 me1·et]u1·.

216 1412 288 1468 CIL.
307 1411 376 1465 XIV
396 1410 465 1464 1597
485 1410 580 1464 deser.
600 1409 720 1463 Dessau
826 1407 928 1462 Ostiae
1036 1420 1157 1475 praece-

146 1485 189 1537 dit
209 1485 237 1537 d.
248 1484 291 1536 M.
300 1483 336 1535 L.
346 1479 514 1550 Septimius
527 1478 700 1536 Pontianus
714 1479 811 1550 Aupp.
831 1478 881 1533 lib.
900 1494 931 1532 se
951 1476 1021 1532 biuo
1040 1492 1158 1545 compa·

143 1553 231 1609 acuit
250 1552 331 1623 [stibi
349 1555 378 1607 et
389 1550 551 1606 Petroniae
569 1549 706 1605 lucillae
727 1549 872 1620 [couilupi
890 1565 964 1604 suae
983 1546 1158 1603 acutissime

217 1626 233 1679 3
252 1622 444 1680 memorautu
465 1624 532 1678 loco
556 1624 653 1677 fracto
674 1624 802 1692 excepit,
821 1619 1042 1688 memorantulr
1061 1620 1160 1674 conie-

145 1699 187 1752 cit
206 1697 303 1751 editor

621 1784 687 1848 500

145 1911 313 1977 Factionis
336 1912 479 1975 Venetae
503 1910 608 1974 Fusco
632 1909 829 1974 sacrauimus
853 1927 942 1970 aram

146 2017 189 2093 de
212 2024 319 2084 nostro
344 2019 423 2083 certi
446 2016 581 2082 studiosi
605 2021 637 2080 et
661 2017 742 2080 bene
766 2020 919 2096 amantes,

147 2131 183 2189 ut
206 2125 324 2190 seirent
347 2123 454 2188 cuncti
477 2123 705 2188 monimentum
729 2128 762 2187 et
784 2122 900 2206 pignus
924 2119 1050 2184 amoris.

148 2232 274 2314 integra
297 2231 385 2295 fama
408 2230 478 2312 tibi,
501 2228 629 2294 laudem
653 2248 764 2294 cursus
787 2227 939 2292 meruisti.

123 2338 280 2403 scertasti
303 2336 420 2419 multis,
444 2336 564 2401 nullum
587 2355 711 2421 pauper
734 2334 876 2415 timuisti,

149 2444 303 2509 inuidiam
326 2464 440 2529 passus
463 2462 589 2528 semper
611 2441 703 2507 fortis
727 2441 867 2507 tacuisti.
935 2453 937 2457 ’

149 2549 282 2635 pulchre
303 2550 424 2632 uixisti,
448 2549 515 2615 fato
538 2548 683 2614 mortalis
707 2549 813 2613 obisti.

151 2656 294 2739 quisquis
316 2655 410 2721 homo
435 2675 480 2738 es,
504 2676 639 2738 quaeres
663 2656 770 2720 talem.
806 2654 943 2720 subsiste
967 2655 1080 2737 uiator,

150 2762 291 2847 perlege.
327 2763 354 2827 si
377 2782 496 2827 memor
519 2783 564 2845 es,
588 2763 615 2828 si
638 2762 722 2827 nosti
746 2763 816 2845 quis
839 2762 934 2826 fuerit
956 2762 1006 2826 uir
1028 2798 1072 2808 -

114 2891 142 2932 ro
151 2869 326 2933 Fortunam
349 2874 493 2933 metuant
516 2888 625 2934 omnes
647 2906 692 2914 —
715 2868 805 2935 dices
828 2876 935 2934 tamen
957 2889 1067 2933 unum:

195 2976 318 3041 Fuscus
342 2974 440 3040 habet
464 2974 575 3039 titulos
597 2977 718 3059 mortis,
743 2975 841 3040 habet
863 2975 1028 3041 tumulum.

153 3081 296 3167 contegit
319 3102 393 3148 ossa
415 3081 508 3166 lapis.
544 3082 626 3146 bene
648 3081 757 3147 habet.
793 3082 936 3147 Fortuna
958 3081 1091 3147 ualebis.

152 3188 293 3255 fudimus
316 3187 433 3254 insonti
456 3189 615 3254 lacrimas.
650 3208 734 3253 nuno
757 3189 849 3253 uina:
873 3208 1042 3273 precamur

174 3299 232 3360 'ut
255 3295 365 3361 iaceas
388 3295 526 3380 placide.
561 3314 654 3359 nemo
678 3295 724 3359 tui
748 3295 870 3359 similis.

225 3426 297 3492 CIL.
322 3436 440 3491 114315
466 3437 561 3491 deser.
580 3435 734 3490 Huebner.
771 3433 833 3488 AL.
851 3434 1018 3489 Burmanni
1042 3436 1082 3491 IV
1100 3435 1165 3503 340,

153 3507 268 3576 Meyeri
292 3509 344 3576 qui
368 3509 499 3562 alienum
524 3508 562 3561 ab
587 3507 768 3576 antiquitate
789 3521 911 3559 carmen
931 3521 997 3561 esse
1021 3507 1078 3561 sibi
1101 3523 1167 3576 per·

70 3632 73 3636 A
153 3583 293 3633 suaserat
312 3578 382 3633 1598
483 3579 658 3633 Tarracone
677 3583 831 3646 repertum
853 3577 1045 3646 deportatum
1064 3577 1168 3631 inBri·
