2648 3886
542 168 730 208 naxarrnrm
1096 155 1148 209 287

207 311 279 367 CIL.
299 313 339 367 VI
358 313 447 366 30130
467 328 505 367 ex
518 312 638 367 Maffeio
657 328 733 366 mus.
753 312 821 367 Ver.
841 313 902 378 954,
921 313 939 366 8
958 315 1010 382 qui
1029 314 1148 383 plenius

133 383 220 451 uidit,
249 384 375 438 contulit
399 384 481 453 quod
505 380 643 453 super'est
666 384 737 438 inde
761 399 828 437 au.
853 383 1050 438 5B0rmann.
1087 384 1148 438 AL.

135 454 302 508 Burmanni
321 454 362 509 IV
380 455 423 521 41,
443 454 558 524 Meyeri
579 455 649 508 1464
776 457 807 508 in
828 455 955 509 aedibus
974 455 1149 511 Barbcrinis

204 525 223 578 4
241 525 351 580 decor?
370 524 489 580 utrici-i
598 526 615 580 5
636 543 665 579 ,11
683 527 797 595 offenso
817 526 937 579 diuisim
956 542 1088 581 marmor
1152 574 1154 577 .

170 597 186 649 6
205 602 305 665 potest
325 612 364 650 ex
383 598 542 666 descriptis
562 596 597 665 et]
617 613 738 651 morum
848 597 880 650 11
900 612 919 649 a
936 601 1069 652 carmine
1083 614 1149 653 cen-

133 682 186 722 seo
206 668 411 737 separandum

610 776 675 840 600

513 899 636 984 paucis]
660 900 822 964 mensibus
845 899 927 964 actis

133 1014 206 1093 post
229 1007 368 1091 nuptias,
392 1013 502 1071 tenero
526 1026 584 1090 per
608 1026 704 1088 quam
728 1005 878 1071 biduatus
902 1008 1035 1087 (amore)
1060 1014 1117 1090 est,

135 1120 224 1179 casta
247 1115 298 1179 cui
323 1114 417 1179 coiux
442 1112 571 1195 c[ubilia
594 1118 703 1177 seruat
725 1112 878 1196 amorem]

133 1222 271 1305 posteris
294 1220 474 1302 ostendens,
498 1219 554 1283 ulli
578 1218 604 1284 si
630 1217 761 1284 credere
784 1218 834 1284 fas
858 1225 915 1284 est.

109 1334 227 1412 epatre
250 1333 450 1411 repugnante
474 1326 585 1411 propio
610 1325 670 1391 hec
693 1326 820 1391 nemine
844 1326 951 1410 signat

134 1435 305 1499 nobercam
329 1432 470 1498 uincens.
507 1432 591 1497 fame
614 1452 729 1498 nomen
753 1433 914 1515 ubiquem.

207 1609 278 1665 CIL.
302 1609 343 1664 VI
361 1609 450 1663 30123
469 1610 563 1664 deser.
583 1609 710 1663 Heuzen
730 1615 759 1663 et
778 1610 912 1664 Hueisen
1035 1610 1150 1666 Romae

133 1684 166 1735 in
185 1696 353 1735 marmorea
373 1683 570 1747 matrasta,
589 1682 621 1733 in
641 1696 701 1748 qua
720 1681 840 1750 figurae
858 1682 992 1735 mulieris
1013 1686 1047 1734 ut
1066 1682 1149 1736 uide-

134 1758 185 1806 tur
209 1757 347 1806 mortuae
371 1757 401 1807 et
424 1753 555 1821 scaphae
580 1752 739 1804 auehentis
758 1752 914 1806 mulierem
938 1758 968 1806 et
986 1754 1148 1821 geniorum

134 1824 255 1878 titulum
280 1824 522 1877 sustentantium.
555 1823 715 1875 artificium
734 1823 887 1895 mediocre
906 1824 1011 1890 fertur,
1030 1824 1148 1878 litterae

135 1909 260 1964 prauae,
279 1895 355 1948 uitia
374 1896 520 1948 sermonis
540 1894 579 1947 ad
599 1894 754 1947 saeculum
768 1900 911 1962 quartum
930 1894 1046 1948 ducunt
1066 1897 1148 1962 (pro-

130 1964 187 2034 pio
206 1967 314 2032 siner,
333 1963 445 2034 ubique
467 1981 535 2018 cum
553 1964 594 2032 111)

206 2036 223 2088 2
243 2037 341 2089 omisit
360 2036 574 2104 quadratarius
595 2050 697 2089 amore
848 2035 865 2089 5
884 2040 971 2105 pater
989 2037 1110 2106 puellae
1130 2054 1148 2091 a

135 2122 269 2160 nouerca
288 2107 430 2160 inductus
449 2108 636 2176 sepulturam
654 2107 883 2176 impensamque
901 2107 1086 2162 detrectasse
1105 2110 1148 2162 ui-

135 2178 225 2231 detur
333 2178 349 2232 6
369 2178 474 2233 debuit
491 2179 596 2247 ferrae
614 2179 669 2231 sed

607 2359 669 2422 601

133 2502 327 2567 purpureum
350 2482 449 2547 ueluti
472 2483 636 2564 rosiosque
659 2500 716 2563 req
763 2531 770 2544 .

136 2595 168 2654 et
191 2590 339 2672 genetrix
361 2590 446 2654 natis
469 2589 704 2670 lacrhimasque
727 2587 877 2671 1·eiiq[uit.

135 2695 189 2761 hic
212 2696 297 2760 iacet
320 2696 475 2760 exanimis
499 2694 601 2761 dulcis
623 2695 791 2760 roboratus
815 2695 928 2760 enixus
950 2696 998 2760 uit
1021 2745 1028 2758 .
1056 2747 1062 2761 .

135 2802 211 2867 cif.
305 2852 311 2866 .
404 2851 411 2867 .
502 2802 880 2867 XVVsecumc..

207 2978 278 3035 CIL.
298 2978 339 3033 VI
357 2977 446 3032 30128
465 2993 504 3031 ex
523 2977 733 3047 Marangcnio,
754 2977 829 3030 Mur.
851 2978 928 3043 1933,
946 2978 965 3031 4
1109 2995 1148 3034 ex

136 3052 316 3105 coemeterio
346 3050 466 3103 urbano
494 3047 669 3118 Anagniam
701 3048 844 3102 tralatum
877 3064 1009 3102 marmor
1037 3052 1148 3118 optime

135 3123 284 3206 scalptum
313 3121 418 3175 litteris
446 3120 584 3175 inuersis.
623 3121 794 3174 duorumne
822 3121 1016 3189 epitaphium,
1044 3125 1148 3177 matris

135 3199 165 3246 et
183 3192 309 3318 fitlrtuisa
328 3268 373 3318 est
394 3263 510 3316 caelum
529 3263 625 3316 ueluti
645 3277 750 3316 roseos
768 3260 924 3331 requirere
940 3263 1051 3332 flores?

135 3335 152 3387 2
172 3335 255 3389 deest
274 3351 328 3404 pes
346 3339 381 3388 ut
398 3335 502 3404 fletum
521 3333 695 3403 lacrimare.
811 3335 828 3386 3
846 3334 1040 3390 Roboretus?

134 3404 283 3475 4fir'lius)
302 3421 401 3461 annos
420 3406 512 3461 XXV
526 3421 627 3460 secum
647 3404 745 3460 obitus
765 3404 854 3459 tulit?
