2646 3884
130 109 148 163 6
562 128 709 169 sarvsun

131 269 312 326 Ritschelius
340 288 482 327 numeros
512 274 721 344 supplemento
746 275 885 343 indigere
913 280 1006 341 ratus,
1036 279 1067 329 et
1085 290 1146 344 ego

132 341 202 395 olim
221 342 295 396 urbe
314 341 413 398 clasid
549 346 566 400 6
585 347 708 415 respicit
731 347 810 399 hanc
834 347 1055 400 dedicationem
1076 345 1145 400 Oui·

132 412 200 466 dius
214 415 282 467 fast.
300 413 341 468 VI
352 414 411 469 193.
426 416 589 486 compleuit
607 408 729 471 uersum
750 417 930 471 Ritschelius
954 424 984 471 et
1011 416 1147 470 merciod

132 483 255 552 quidem
282 488 462 557 necessario,
481 490 592 542 mereto
611 489 747 542 lubenter
767 487 983 563 Groteiendius

628 686 645 750 i

132 841 296 909 Cornelius
319 844 439 909 Lucius
485 844 595 929 Scipio
619 845 778 910 Barbatus

133 948 280 1014 Gnaiuod
304 957 395 1035 patre
418 957 603 1035 prognatus,
650 951 742 1017 fortis
765 952 814 1016 uir
837 954 1038 1038 sapiensque,

133 1056 247 1139 quoius
269 1057 371 1122 forma
394 1057 523 1122 uirtutei
570 1058 731 1142 parisuma
754 1058 824 1137 fuit,

133 1163 242 1228 consol
266 1183 379 1228 ccnsor
402 1163 508 1229 aidilis
555 1165 628 1247 quei
652 1165 712 1229 fuit
736 1165 822 1250 apud
846 1186 914 1248 uos,

111 1267 292 1334 sTaurasia
315 1270 455 1335 Cisauna
500 1271 631 1336 Samnio
656 1272 752 1356 cepit,

133 1375 253 1458 subigit
276 1395 368 1440 omne
391 1376 577 1441 Louoanam
623 1376 815 1459 opsidesque
838 1378 1002 1444 abdouoit.

205 1554 276 1609 CIL.
301 1555 314 1607 I
340 1555 376 1608 30
403 1570 431 1622 p.
456 1553 498 1618 16,
526 1552 631 1606 PLME
659 1554 801 1608 XXXVII
811 1555 842 1608 Β.
873 1555 934 1609 AL.
947 1556 1087 1625 Meyeril

258 1626 373 1680 Romae
392 1629 546 1695 repertum
574 1626 605 1678 in
629 1623 803 1695 Scipionum
826 1627 965 1696 sepulcro
992 1643 1060 1681 cum
1087 1630 1146 1683 hoc

132 1698 219 1752 titulo
239 1697 312 1752 CIL.
331 1697 345 1750 Ι
364 1697 399 1751 29
418 1698 453 1751 L.
469 1695 621 1766 CorneliJo
637 1696 688 1752 Oa.
699 1697 724 1767 f.
739 1695 853 1766 Scipio.
891 1699 996 1752 consui
1016 1700 1148 1755 a.u.456

132 1769 242 1823 beilum
273 1784 341 1822 cum
370 1767 555 1824 Samnitibus
583 1770 686 1838 gessit,
716 1768 896 1823 Taurasiam
921 1770 998 1833 (Liu.
1026 1770 1080 1824 XL
1099 1772 1147 1838 38)

130 1842 332 1911 ignotumque
352 1840 503 1895 Cisaunae
532 1840 678 1910 oppidum
708 1841 808 1909 diruit,
838 1842 870 1895 in
889 1841 1031 1896 Lucanos
1060 1858 1146 1898 exor-

131 1914 223 1965 citum
243 1912 340 1976 duxit,
359 1927 467 1966 censor
485 1912 544 1964 fuit
557 1927 583 1964 a.
597 1911 659 1965 464.
698 1928 820 1967 carmen
834 1915 978 1967 continuo
997 1916 1143 1984 scriptum

130 1983 184 2038 sed
203 1988 238 2036 nt
256 1983 374 2037 lineolis
394 1981 528 2037 Saturnii
551 1998 659 2036 uersus
688 1983 942 2038 discernerentur.
980 1991 1051 2040 ante
1080 2002 1146 2041 car·

129 2070 199 2109 men
219 2070 308 2109 erasa
327 2055 494 2123 antiquitus
514 2054 574 2107 alia
593 2055 749 2123 inscriptio
774 2055 880 2109 decem
901 2061 954 2109 aut
983 2057 1145 2112 duodecim

130 2126 228 2180 uerba
248 2126 458 2195 complectens,
478 2125 510 2178 in
530 2125 641 2193 quibus
667 2125 724 2178 sub
744 2125 834 2179 finem
854 2125 972 2195 closo[r.
1010 2127 1063 2180 filii
1086 2129 1146 2182 elo·

130 2198 215 2267 gium
236 2196 273 2261 (6)
293 2213 362 2251 cum
382 2212 400 2249 a
419 2196 570 2250 tralaticia
583 2196 714 2249 formula
727 2197 860 2265 incipiat,
880 2199 938 2250 hoc
950 2199 1045 2266 patris
1058 2198 1145 2253 liber·

129 2273 192 2322 tate
213 2267 345 2337 quadam
364 2284 401 2322 ac
426 2266 572 2320 facundia
591 2268 739 2336 prooemii
767 2268 895 2321 excellit.
934 2268 1146 2325 declinationis

128 2340 356 2408 uerborumque
369 2342 483 2393 formas
493 2339 525 2391 in
539 2338 591 2391 filii
606 2353 697 2406 quam
710 2340 741 2391 in
752 2340 847 2407 patris
858 2339 944 2393 titulo
961 2341 1145 2395 uetustiores

129 2411 191 2481 legi
220 2411 334 2465 dudum
366 2411 446 2465 docti
476 2409 768 2463 animaduerterunt.
799 2410 871 2464 inde
900 2410 1080 2465 Bitscheiius
1108 2427 1145 2466 ac

128 2482 332 2537 Mommsenus
351 2488 434 2537 recte
454 2481 645 2550 collegerunt
666 2482 746 2549 patri
766 2497 828 2534 non
849 2496 909 2550 quo
929 2488 1066 2552 tempore
1078 2484 1144 2553 ipse

129 2553 283 2608 occiderat
301 2554 356 2608 sed
375 2558 444 2622 post
462 2552 514 2606 filii
533 2557 668 2619 mortem,
695 2552 726 2606 id
745 2558 790 2606 est
809 2553 934 2608 ineunte
954 2559 1040 2608 sexto
1059 2556 1146 2610 urbis

129 2625 250 2679 saeculo
271 2625 328 2679 hoc
348 2625 481 2694 elogium
501 2623 646 2692 obtigisse
668 2638 728 2691 quo
749 2640 854 2692 parem
874 2640 942 2678 cum
962 2626 1022 2679 filio
1052 2627 1144 2681 hono-

130 2711 194 2750 rem
213 2696 340 2750 haberet

198 2765 431 2835 {sperassemus
451 2781 519 2820 cum
543 2765 651 2819 Plauto
681 2767 816 2820 exoleuit
980 2766 1145 2823 adomnia

128 2839 179 2892 alii
199 2839 408 2892 accusatiuum
422 2853 488 2891 esse
501 2838 629 2890 uoluere
641 2837 672 2889 in
687 2853 747 2906 quo
762 2838 917 2892 offendite
931 2840 1054 2905 uocalis
1075 2854 1143 2891 cum

127 2910 246 2978 reliqua
259 2909 407 2963 eiusmodi
420 2910 544 2963 nomina
558 2923 612 2976 per
624 2924 646 2960 u
659 2909 835 2974 efferantur,
855 2915 886 2964 et
904 2912 970 2979 ipsa
990 2914 1145 2963 structura

128 2996 189 3050 qua
209 2980 329 3034 duobus
348 2995 450 3049 neque
469 2981 512 3033 ita
531 2979 620 3033 claris
634 2977 747 3034 Samnii
768 2981 886 3050 oppidis
899 2982 977 3035 male
987 2979 1143 3035 Samnium
1184 2993 1187 2996 ·

128 3054 215 3121 quasi
234 3055 356 3106 tertium
374 3052 517 3105 uideatur
530 3051 666 3121 adiungi.
704 3052 755 3104 alii
769 3051 938 3106 ablatiuum
953 3052 1143 3120 interpretati

127 3127 205 3190 sunt,
235 3124 322 3176 cuius
349 3139 388 3177 ne
411 3124 507 3193 ipsius
526 3121 646 3192 quidem
666 3123 764 3176 forma
783 3123 874 3192 plane
902 3123 1046 3177 conuenit
1074 3138 1143 3176 cum

129 3193 274 3249 fflaiuod
297 3196 400 3262 patre,
431 3194 616 3248 constructio
649 3198 750 3247 temen
771 3195 869 3262 prisco
889 3195 1035 3248 sermonis
1058 3193 1142 3247 latini

125 3280 186 3320 usu
214 3265 365 3319 uindicari
392 3270 492 3335 potest
520 3262 980 3332 (coeSamai0,1rttasPoat0‚
1008 3262 1144 3319 inicias

125 3335 243 3391 Aetolia
261 3335 340 3405 cepit
359 3337 407 3404 al.)
574 3336 590 3390 6
611 3336 739 3389 Lucana
750 3337 859 3391 omisso
874 3341 974 3390 terrae
988 3336 1143 3391 uocabulo

125 3423 182 3478 pro
199 3406 338 3462 Lucania
359 3408 523 3477 singulare.
544 3405 704 3461 abdoaosit
723 3409 892 3461 correxisse
912 3407 1141 3475 quadratarium

125 3480 204 3534 inter
228 3495 244 3533 a
271 3485 302 3534 et
325 3477 338 3533 i
360 3480 475 3534 inserta
494 3479 645 3533 breuioris
664 3479 778 3532 moduli
798 3480 932 3533 litteras
952 3477 1142 3533 Cholodniak

124 3549 266 3606 adfirmat
286 3561 391 3606 contra
402 3550 597 3605 Ritschelium
618 3565 721 3619 opusc.
735 3549 776 3604 IV
794 3566 821 3619 p.
836 3550 889 3604 223
