2646 3884
590 178 717 218 suuntur
1125 166 1168 222 45

218 322 290 378 CIL.
309 323 351 378 VI
369 322 448 388 5254,
471 323 598 378 Henzeu
616 325 717 378 annal.
736 325 804 378 inst.
823 325 973 380 archaeol.
995 327 1065 382 18156
1084 344 1112 398 p.
1125 328 1168 383 20

144 410 174 448 n.
196 394 246 448 111
375 410 414 448 ex
435 395 619 449 columbario
640 395 786 449 Romano.
816 397 1020 465 subscriptum
1039 400 1160 454 sinistra

149 464 178 520 0.
197 466 297 519 Iulius
315 466 452 531 Btustus,
473 466 501 521 0.
520 464 621 520 Iulius
643 466 779 534 Celadus
801 466 909 521 dextra
931 468 959 522 C.
973 467 1074 523 Iulius
1093 469 1166 525 diui

146 536 223 606 Aup.
245 538 263 590 l.
283 535 424 592 Messius.
463 538 586 607 longam
610 535 622 590 i
645 539 784 592 uocalem
807 538 887 592 elata
909 539 1023 605 littera,
1050 542 1166 612 longas

146 608 222 662 alias
241 609 404 679 plerasque
423 610 525 678 apices
545 609 715 677 distingunt
734 610 799 663 sine
819 625 931 677 errore,
955 626 1056 680 neque
1076 619 1163 683 optu-

145 694 214 733 mae
236 681 344 733 aetatis
363 680 540 748 scriptorem
559 681 591 732 in
610 678 692 734 iulia
711 681 838 734 alteram
862 682 1043 748 produxisse
1060 684 1163 751 credo,

145 752 236 804 immo
255 751 416 821 integritas
435 766 630 805 numerorum
647 753 774 820 pristina
791 754 913 805 nomine
932 753 1021 820 periit
1039 757 1165 810 uariato

146 837 164 875 e
182 837 216 875 re
233 827 314 875 nata.
341 822 476 876 notanda
490 824 581 875 etiam
595 825 741 876 sermonis
754 823 932 892 imparilitas
945 825 1013 891 plus
1026 825 1163 879 habituri

146 893 266 962 gratiae
290 894 314 946 si
333 909 435 947 secum
453 892 523 947 tulit
542 897 571 946 ct
586 892 714 961 placuit,
734 892 861 948 decessit
879 897 976 963 primo
995 895 1092 949 uerbo
1112 912 1167 950 ae-

147 969 241 1032 quata
261 969 361 1018 essent
380 968 433 1018 aut
452 965 582 1033 primum
601 965 666 1032 illis,
688 966 812 1035 quando
832 965 955 1035 quidem
975 964 1084 1034 placui
1102 972 1166 1020 tra-

144 1035 281 1089 laticium
301 1036 366 1103 fuit,
388 1036 425 1088 cf.
445 1035 479 1089 66

633 1144 674 1209 81

350 1319 356 1333 .
426 1276 499 1334 sunt
521 1269 647 1353 uenus[t
695 1320 702 1334 .
795 1320 802 1334 .

374 1376 562 1459 fcsltiuitate
585 1377 733 1462 plurima

348 1534 355 1548 .
425 1504 478 1549 ere
501 1491 617 1550 cuncta
709 1535 716 1550 .
809 1535 817 1550 .

348 1639 354 1653 .
447 1591 623 1656 eistaeci
708 1641 715 1655 .
808 1641 816 1655 .

348 1746 355 1760 .
463 1697 579 1780 uilator
603 1696 667 1780 q[ui
692 1698 784 1780 legis.

217 1834 289 1891 CIL.
307 1837 377 1891 XIV
397 1838 467 1891 1824
486 1838 581 1891 dsscr.
602 1838 722 1891 Dessau
846 1837 935 1892 Ostiis
1052 1843 1164 1907 potue-

145 1912 216 1960 runt
240 1923 307 1962 esse
330 1910 423 1962 iambi
447 1909 533 1962 uelut
556 1907 604 1963 bic
629 1907 753 1963 condite
773 1924 844 1963 ossa
862 1911 935 1963 suat
952 1911 1098 1963 uenustac
1115 1910 1163 1978 fc-

144 1977 256 2044 miuae,
278 1981 386 2033 iambis
407 1982 551 2034 conuenit
573 1980 591 2032 4
613 1978 713 2034 istaec.
755 1981 859 2048 itaque
878 1980 895 2033 5
915 1980 1161 2049 supplementum

145 2049 262 2103 adsciui
282 2052 422 2119 quamuis
445 2052 603 2117 incertum,
631 2052 649 2104 3
672 2053 768 2104 aetate
792 2067 870 2121 quae
893 2049 1024 2106 cecidere
1049 2053 1163 2106 cuncte

144 2121 208 2173 tam
226 2120 313 2175 breui
333 2123 368 2175 cf.
389 2122 458 2189 82,s

630 2230 672 2294 88

144 2351 291 2417 Studium
315 2352 413 2418 habui
428 2361 463 2418 ut
478 2353 617 2419 facerem
633 2354 709 2418 uiua
724 2354 802 2418 mihi
822 2354 997 2437 aet[emam
1014 2354 1162 2420 domum:

145 2458 242 2542 [mors
264 2460 455 2542 intercessit,
479 2460 543 2524 iam
567 2460 655 2542 mibi,
681 2460 819 2524 coniunx
843 2460 985 2544 optime]

144 2573 200 2630 tua
222 2568 349 2632 bonitas
372 2566 460 2631 fecit.
496 2567 606 2631 titulus
629 2566 774 2631 declarat
796 2587 885 2632 meus

144 2672 241 2757 qu0[d
264 2673 359 2738 fuerit
383 2673 520 2739 studium
544 2693 596 2739 me
620 2694 698 2757 erga
721 2675 851 2758 pietatis
874 2675 944 2740 tibi.

216 2813 288 2869 CIL.
307 2813 350 2868 IX
367 2814 439 2867 4016
463 2814 621 2883 descripsit
638 2814 805 2869 Mommsen
930 2814 1028 2869 Albae
1046 2814 1162 2869 Marso-

143 2900 211 2938 rum
350 2885 505 2955 praecedit
523 2886 658 2939 Nouerca
681 2886 711 2938 T.
735 2886 753 2939 t.
777 2886 936 2956 Trpplceca
960 2902 1065 2954 cec...,
1093 2891 1159 2940 tum

144 2971 265 3011 carmen
285 2958 423 3025 sequitur
443 2956 562 3010 duobus
581 2958 613 3010 111
630 2956 731 3026 lapide
743 2958 884 3010 uersibus
898 2959 1071 3011 distinctum
1084 2972 1162 3025 quo-

143 3043 211 3081 rum
230 3028 306 3082 alter
324 3029 355 3081 in
375 3029 433 3081 act·
452 3028 529 3081 alter
547 3029 579 3080 iu
598 3043 669 3097 quo·
690 3028 806 3082 desinit.
844 3044 920 3097 ergo
942 3029 1056 3098 singuli
1072 3029 1105 3081 in
1123 3030 1161 3082 ti·

142 3098 207 3154 tulo
226 3115 336 3153 uersus
356 3100 492 3153 senarios
511 3099 599 3153 binos
619 3099 917 3168 comprehendebant

214 3171 229 3224 1
248 3168 292 3225 mi
311 3169 571 3240 pronuntiandum
592 3170 624 3222 in
642 3170 828 3239 synaloephe

628 3331 670 3395 89

142 3455 207 3521 Seu
229 3463 340 3541 stupor
363 3462 412 3521 est
435 3455 509 3521 huic
532 3456 637 3522 studio
661 3457 729 3521 siue
753 3462 801 3521 est
824 3456 948 3521 insania
971 3475 1099 3539 nomen,

188 3564 288 3629 omnis
311 3564 353 3629 ab
377 3563 439 3629 hac
463 3583 539 3628 cura
563 3583 639 3628 cura
662 3563 770 3628 leuata
792 3582 865 3627 mea
887 3569 946 3628 est.
