2644 3884
172 160 226 215 144
613 174 752 214 nacrrur

228 321 262 375 11
275 321 406 389 spatium
422 321 559 389 recipere
572 321 696 375 uidetur
709 318 932 390 mopnoninetq.
949 318 1045 388 docte,
1060 320 1114 375 sed
1131 321 1193 389 ple-

173 393 222 446 nis
240 392 347 446 litteris
366 407 423 462 que
442 391 490 446 hic
510 392 652 446 scribitur
790 392 825 445 12
843 389 1193 461 snpen.bottiort...isnb

175 468 231 518 ect.
340 463 374 516 13
388 460 480 531 potio
498 464 556 517 hoe
574 463 639 517 fere
657 463 769 517 lectum
789 468 850 517 est:
870 460 946 516 totio
965 462 1099 517 Momms.
1118 467 1191 532 opto

169 532 295 603 potatio
394 534 513 588 ordene
515 574 575 587 .......
578 534 741 603 epeen..fra
760 540 900 603 ectypou‚
927 534 1050 588 uidetur
1068 535 1193 603 longius

174 606 304 660 uerbum
327 605 422 659 tuisse
440 609 475 659 ut
494 606 634 659 extollere
653 610 707 658 aut
725 606 750 659 si
772 602 878 673 superi
896 621 959 659 non
977 610 1090 675 regunt
1109 606 1193 658 hunc

174 676 367 744 infinitiuum‚
387 677 548 739 escendere

652 766 717 830 297

174 873 246 937 Vna
270 870 375 937 ethis
398 891 492 937 senas
515 878 618 937 turres
641 871 830 937 crescebant
853 871 886 936 in
910 871 1022 938 ordine
1046 878 1142 955 totas,

173 978 353 1045 mirabilem
376 997 506 1062 operam
529 979 593 1042 cito
617 983 802 1043 constructa
824 976 962 1043 uidetur.

175 1085 330 1171 posticius
354 1085 412 1150 sub
435 1090 554 1150 termas
577 1084 684 1150 balteo
709 1084 909 1151 concluditur
932 1085 1026 1150 ferro.

174 1191 304 1275 uu[li]us
327 1191 482 1256 malorum
504 1192 624 1276 poterit
647 1193 771 1275 erigere
794 1194 957 1275 mantum),

151 1299 292 1383 epatrici
326 1296 531 1378 Solomonds)
564 1296 846 1381 instittupiontem)
879 1319 972 1364 nemo
1005 1318 1193 1383 expugnare

1014 1407 1145 1471 ualeuit.

176 1509 320 1575 defensio
344 1510 536 1591 martiuum)
561 1509 691 1593 tuet[u]r
713 1510 869 1595 poeticine
897 1512 976 1596 ipse,

177 1616 323 1682 Clemens
353 1622 385 1681 ct
408 1616 594 1682 Vincentius
623 1618 796 1698 martirtes)
825 1617 1034 1699 eustod(iunt)
1057 1619 1192 1703 in[t}roi-

940 1730 1008 1790 tum
1031 1726 1144 1810 ipsum.

247 1864 359 1919 Renier
377 1865 466 1918 iuscr.
487 1862 556 1934 Alg.
575 1863 653 1931 2746,
674 1863 745 1920 CIL.
763 1864 834 1920 VIII
852 1865 923 1920 5352
1031 1865 1172 1922 Calamae

287 1936 447 2005 ‘pertinere
473 1936 512 1988 ad
535 1937 656 1990 moenia
680 1951 717 1990 ea
741 1952 821 2005 quae
843 1943 949 1991 nostra
968 1942 1069 1993 aetate
1088 1954 1193 2008 super-

175 2009 302 2061 fuerunt
324 2007 395 2061 inde
419 2007 607 2075 intellegitur
633 2007 715 2076 quod
741 2022 778 2061 ea
796 2015 896 2063 turres
915 2009 1060 2064 tredecim
1079 2010 1193 2064 habue-

176 2082 256 2143 runt,
278 2078 314 2131 ci.
334 2076 461 2146 Procop.
480 2079 508 2131 b.
530 2077 624 2131 Vand.
644 2078 669 2145 2,
691 2078 733 2132 19’
752 2078 964 2134 Mommsenus.
993 2096 1074 2135 auno
1093 2081 1146 2135 539

249 2149 264 2202 1
285 2148 515 2202 confunduntur
534 2150 566 2201 in
585 2149 642 2202 hae
661 2149 804 2203 barbarie
823 2151 1029 2205 nominatiuus
1055 2157 1085 2206 et
1104 2167 1192 2205 aecu-

178 2221 295 2275 satiuus
314 2234 412 2286 casus,
433 2223 469 2274 ct.
488 2219 506 2271 2
524 2223 554 2272 et
572 2219 589 2272 6
690 2220 707 2273 3
725 2218 874 2288 posticias
886 2221 979 2284 (unde
988 2219 1193 2290 noscerimus

177 2291 299 2358 ianitor)
319 2297 409 2360 porta
427 2291 545 2359 postica
564 2290 676 2369 legitur
690 2291 781 2344 etiam
799 2292 831 2343 iu
850 2291 908 2345 alio
924 2292 1010 2346 titulo
1032 2307 1122 2361 quem
1141 2293 1192 2346 ad·

177 2362 247 2416 tulit
261 2361 399 2431 Georges
417 2362 475 2415 lex.
491 2360 658 2430 posticcnnc
676 2363 826 2428 παραθύρα
843 2363 894 2416 uel
913 2363 1010 2416 latens
1029 2361 1141 2418 ostium
1159 2365 1192 2417 in

200 2434 333 2488 lossariis
343 2433 373 2486 II
383 2450 411 2502 p.
419 2432 471 2487 154
482 2439 511 2486 et
521 2431 574 2486 394
585 2431 609 2485 V
620 2449 648 2501 p.
658 2432 710 2485 235
721 2431 825 2487 Goetz.
837 2432 1044 2488 etTironianIs
1054 2451 1081 2503 p.
1090 2435 1150 2498 100,
1156 2436 1194 2489 60

177 2450 316 2559 {chmita
337 2503 419 2557 hunc
438 2505 553 2558 exitum
573 2503 693 2557 balteus
711 2518 868 2558 murorum
886 2505 1020 2559 habebat
1043 2506 1192 2560 ferratum

233 2577 250 2631 7
268 2580 399 2643 uterque
418 2581 533 2643 martyr
546 2579 675 2643 apparet
693 2575 725 2628 iu
744 2575 923 2630 kalendario
933 2575 1194 2646 Karthaginiensi,

177 2646 306 2699 Rutnart
325 2650 382 2699 act.
402 2650 525 2715 martyr.
546 2662 573 2715 p.
588 2645 641 2699 694
653 2662 675 2699 s.

654 2772 675 2834 2

178 2876 315 2943 Obtullit
339 2877 474 2960 imperio
497 2771 809 2962 praefectussgopem
833 2878 1032 2945 Theodorus.

251 3016 323 3072 CIL.
342 3017 413 3071 VIII
433 3018 521 3072 10498
541 3034 579 3072 ex
601 3024 710 3088 ectypo
731 3019 841 3075 Tissoti
943 3021 1026 3090 apud
1044 3020 1193 3075 Macoma-
1305 3050 1306 3067 2

180 3090 233 3145 des
256 3090 434 3159 prouinciae
455 3090 644 3159 Byzacenae.
681 3092 870 3160 praecedunt
893 3107 1076 3160 graecorum
1100 3092 1194 3147 hexa·
1305 3100 1306 3105 ’

177 3166 343 3216 metrorum
360 3161 452 3214 trium
471 3162 620 3231 prinpria
635 3162 752 3228 Χριστὸς
764 3162 909 3216 Ἰουστίνω
923 3163 1024 3232 loppin
1044 3163 1085 3231 τε]
1097 3205 1103 3217 .
1115 3204 1121 3218 .
1133 3204 1139 3217 .
1149 3164 1194 3216 Tr·

179 3232 262 3299 sseptm
281 3231 306 3284 τ’
325 3232 370 3284 ἐπὶ
382 3238 473 3285 τοῖσιν
484 3233 563 3301 δλ[ης
575 3234 677 3298 χθονὸς
695 3235 817 3301 ἔτραπεν
830 3233 938 3302 ἀρχήν],
955 3240 1055 3288 νεῦσεν
1073 3236 1194 3300 ἀναστῆ·
1305 3246 1306 3261 ’

179 3318 225 3357 σαι
247 3304 315 3357 τάδε
341 3302 470 3371 [δώματα
488 3344 495 3359 .
510 3345 516 3358 .
533 3346 539 3357 .
559 3305 625 3359 siue
643 3305 751 3359 aedem
770 3307 835 3360 siue
854 3306 982 3359 moenia.
1011 3308 1132 3360 curauit
1150 3306 1194 3358 fa·

178 3373 291 3429 ciunda
311 3376 484 3444 praefectus
508 3377 625 3446 aliquis,
650 3377 806 3447 adsumpsi
826 3391 938 3430 nomen
956 3377 1081 3431 breuius
1100 3392 1193 3446 quam

178 3463 198 3500 a
209 3446 394 3500 Mommseno
411 3449 600 3518 propositum
611 3446 820 3516 Zosimionem,
835 3452 870 3502 ut
882 3448 1083 3518 adiungerent
1096 3463 1192 3517 opem.

175 3520 259 3573 iutra
278 3533 375 3642 annps
394 3518 447 3643 575
467 3526 497 3575 et
515 3520 568 3575 578

249 3589 433 3645 lIomm
