2650 3882
565 182 752 222 ΗΕΧΑΜΕΤΒΙ

625 347 691 411 345

147 470 297 554 Iuppiter
319 470 351 534 in
376 489 478 553 oyono
503 468 585 552 culm
609 469 700 536 Leda
723 472 843 537 iunxsit
867 492 1017 539 amorem.

222 645 359 699 IosKlein
380 647 411 699 in
431 646 533 699 annali
554 648 646 714 antiq.
657 646 811 702 Bonnensi
824 647 992 702 LXXXVII
1006 649 1075 703 1889
1090 667 1117 718 p.
1128 650 1164 704 84

251 715 394 771 Coloniae
413 732 475 786 rep.
496 733 578 770 nuno
597 717 723 772 Bonnae
741 721 772 772 in
792 735 896 773 museo
916 721 1096 788 prouinciali

192 843 193 846 ,
221 789 252 840 in
272 789 444 857 fragmento
464 789 581 842 uasculi
601 789 697 858 figlini
718 790 925 858 quodnedam
938 807 956 844 a
970 806 1066 860 cyeno
1087 807 1164 846 eom·

147 873 286 928 pressam
309 865 519 927 repraesentat
543 860 684 914 adstante
707 877 803 930 puero
828 863 918 916 alato.
956 863 1027 915 huie
1054 863 1164 916 adseri·

149 937 235 999 ptum
260 934 305 984 est
330 928 471 998 Ca]pid0,
499 947 578 999 pone
598 930 776 1001 Cupidinem
797 932 978 987 Primiaaas
1000 932 1081 1001 feeit.
1119 949 1165 988 oe·

146 1006 216 1055 tera
235 1002 348 1055 circum
368 1002 501 1070 effigiem
516 1003 705 1057 extrinsecus
718 1005 830 1073 scripta
844 1006 997 1058 continuo.
1024 1005 1165 1074 suppleui

626 1181 692 1246 346

146 1303 298 1387 Armiger
322 1323 398 1369 ecee
421 1304 508 1370 louis
531 1304 777 1389 Ganymedem)
801 1307 930 1372 sustulit
953 1308 1022 1390 alis,

146 1411 295 1494 porrigat
318 1416 352 1474 ut
366 1409 478 1501 ‘elatos
501 1410 552 1476 dis
576 1408 803 1501 oonuiualibus'
820 1413 935 1498 apto[s.

149 1552 292 1635 Legibus
315 1552 431 1618 inferni
455 1552 549 1618 motis
572 1554 765 1639 Proserpina
787 1555 880 1621 reddi

150 1658 334 1744 Eurydicen
357 1660 458 1741 iussit,
483 1659 540 1725 sed
564 1680 636 1725 eam
657 1661 742 1727 Mors
766 1668 837 1727 atra
860 1661 997 1727 reduxit.

122 1800 253 1865 sMater
276 1800 368 1884 larga
392 1801 488 1866 Ceres
511 1785 662 1867 miserata
685 1802 771 1867 fame
794 1809 963 1887 pereuntes

150 1907 339 1991 Triptolemi
362 1908 508 1973 manibus
532 1909 689 1973 commisit
712 1909 842 1974 seminis
865 1930 950 1975 usus

150 2049 250 2116 Seilla
273 2055 395 2115 metens
419 2051 538 2115 crinem
561 2058 722 2116 mereatur
745 2052 877 2117 erimine
901 2101 908 2117 .
957 2102 964 2117 .

221 2333 356 2402 Monthly
376 2333 536 2403 Magaaine
556 2350 582 2387 a.
603 2335 672 2389 1825
692 2335 762 2404 (uol.
783 2336 827 2400 59)
847 2353 875 2406 p.
890 2336 943 2391 218
963 2341 1088 2390 auctore
1108 2338 1166 2390 sin·

148 2420 221 2459 eero
240 2410 275 2458 ut
292 2407 363 2458 mihi
384 2406 469 2459 uisus
488 2411 541 2471 est,
562 2407 617 2460 etsi
633 2422 744 2460 nomen
758 2408 869 2461 celauit
882 2409 980 2477 magis
994 2423 1085 2475 quam
1099 2423 1165 2476 pro·

149 2478 249 2539 fessus
268 2481 313 2530 est
332 2477 550 2530 subscribendo
567 2477 706 2544 lacobus,
726 2478 936 2532 indeBulletin
957 2479 1010 2532 des
1030 2480 1165 2532 soienees

149 2547 332 2614 historiques
352 2548 421 2601 1827
440 2547 603 2601 Nouembr.
623 2566 651 2618 p.
664 2549 725 2615 370,
745 2549 816 2602 inde
836 2548 926 2603 Orelli
944 2549 1024 2603 4311.
1050 2550 1081 2602 in
1093 2548 1165 2604 CIL.

149 2617 206 2671 VII
225 2634 286 2671 non
306 2619 410 2672 inueni
429 2619 566 2686 relatum,
585 2635 625 2673 ne
643 2621 723 2673 inter
742 2621 820 2674 falsa
840 2621 962 2689 quidem
1047 2621 1079 2673 in
1098 2635 1165 2674 uas-

150 2689 219 2742 oulo
240 2690 338 2742 aheno
361 2689 477 2743 caelato
498 2697 619 2758 reperto
644 2691 762 2744 111824
786 2693 818 2744 in
836 2691 994 2745 Britannia
1019 2693 1051 2745 in
1075 2692 1164 2746 alueo

149 2761 283 2813 fluminis
309 2758 465 2814 Sabrinee.
503 2761 658 2814 eaelatura
683 2777 743 2831 quo
767 2763 857 2817 modo
881 2778 936 2831 per
955 2778 1044 2817 areas
1070 2762 1166 2816 distri·

150 2832 226 2885 buta
241 2832 278 2884 sit
288 2831 426 2900 pluribus
435 2837 587 2900 narratur,
600 2833 719 2902 figurae
729 2834 761 2887 in
772 2849 828 2887 sua
843 2849 966 2903 quaque
977 2834 1080 2887 areola
1091 2834 1165 2887 indi-

149 2917 201 2956 oes
215 2902 397 2968 fabularum,
411 2917 519 2956 uersus
536 2904 650 2957 circum
667 2904 783 2972 figuras
800 2906 912 2974 scripti.
940 2920 1044 2958 omnes
1058 2919 1166 2958 uersus

150 2973 265 3027 leonini
278 2974 367 3041 eique
381 2974 438 3026 nisi
452 2989 554 3027 merae
569 2990 672 3043 nugae
687 2981 765 3043 sunt,
785 2991 823 3029 ex
838 2977 942 3044 primis
960 2977 1025 3028 eius
1043 2977 1166 3044 generis

224 3046 239 3097 1
261 3044 436 3123 Ganymede
456 3044 562 3098 editor.
592 3045 629 3098 de
648 3046 706 3099 hoo
719 3046 871 3115 Vergilius
890 3044 998 3114 rapuit
1014 3044 1099 3100 Iouis
1119 3062 1167 3099 ar-

148 3113 250 3185 rainer
267 3129 364 3182 uncae,
384 3115 464 3168 idem
484 3116 556 3169 alibi
574 3114 796 3171 sustulit-Iouis
815 3115 952 3186 armiqer
1061 3117 1166 3187 ‘loya-

150 3187 219 3241 thos
239 3185 287 3241 Or.
410 3186 425 3239 7
445 3184 564 3255 Scyllae
582 3187 658 3241 haee
677 3189 779 3258 imago
799 3189 831 3241 in
852 3203 925 3242 area
944 3188 1039 3242 luisse
1058 3188 1169 3257 prinoi-

152 3257 213 3326 pali
234 3259 339 3311 fertur.
369 3257 454 3312 deest
472 3257 556 3312 uelut
575 3274 710 3313 amorem

628 3438 692 3502 341

152 3559 212 3624 Est
235 3559 329 3626 homo
352 3582 416 3627 non
439 3566 535 3645 totus,
558 3561 682 3628 medius
705 3562 774 3646 sed,
797 3562 895 3648 piscis
919 3563 960 3628 ab
983 3563 1057 3629 imo.
