2644 3884
585 205 773 259 susannem

650 352 715 417 273

170 476 268 540 Alma
291 476 490 541 lauacrorum
513 475 554 540 de
578 476 678 560 sa[xis
702 476 831 561 dceildo
855 479 987 563 lympha

170 583 216 647 Et
240 588 313 648 sunt
336 602 377 647 ex
399 583 511 668 lapide
531 581 723 668 perfectlale
745 584 916 670 pilscine]c
939 587 1093 670 pulchrae

170 688 286 754 Laetis
308 691 403 772 inque
426 690 506 755 loeis
528 697 622 755 natus
645 690 757 774 la[ous.
793 691 885 775 haec]
909 698 1017 757 tamen
1040 693 1119 778 ipsis

174 797 266 861 Tune
290 815 361 861 cum
385 816 495 881 sospes
519 803 588 861 erat
612 797 740 880 eonius,
765 797 933 884 s[aeraui]t
957 798 989 863 in
1012 820 1103 864 usum

145 902 323 968 aEmeritis
347 903 508 986 quondam
531 903 784 988 Alexand[1·]e[o]
808 906 935 970 nomine
959 905 1087 989 dignae.

173 1009 348 1075 Raucisoni
371 1010 518 1094 lapidoso
542 1009 662 1075 eadunt
685 1011 759 1094 [iam
784 1011 884 1096 fonlte
908 1013 1058 1095 liquores.

172 1117 255 1182 Tam
280 1115 403 1182 laudati
427 1118 533 1201 operis
557 1116 703 1182 dominus
725 1117 919 1204 uelteranus]
944 1127 976 1184 et
999 1127 1112 1185 auctor

174 1223 213 1286 In
236 1242 313 1288 suae
336 1223 521 1288 memoriam
545 1223 647 1288 uoluit
671 1224 883 1309 eonse[c1·are]
907 1225 1052 1290 maritae.

175 1329 219 1394 Vt
242 1336 349 1394 tamen
374 1338 406 1394 et
429 1331 532 1394 lector
554 1350 670 1395 nomen
696 1328 916 1416 [cognoseelre
939 1334 1053 1417 possis,

135 1461 165 1500 10
175 1436 329 1520 Singulae
353 1435 521 1502 declarant
544 1436 679 1502 exordia
702 1436 853 1522 [litterlae
876 1439 1014 1522 primae:

242 1542 336 1607 Aelia
360 1561 431 1607 cum
455 1543 568 1607 Tertia
591 1543 701 1608 subole
725 1543 766 1608 de
791 1545 927 1628 coniuge
951 1544 1074 1629 [caslta.

247 1681 319 1738 CIL.
339 1683 382 1736 Ill
401 1683 472 1737 6306
491 1694 521 1738 et
540 1683 686 1753 supplem.
702 1684 773 1738 8153
792 1684 910 1750 (Revue
930 1686 1190 1755 archeolog.1873

175 1771 214 1807 m.
226 1752 376 1824 Septemb.
397 1771 425 1824 p.
441 1755 491 1808 141
512 1770 580 1808 cum
591 1754 767 1809 Mommscni
780 1760 811 1809 et
822 1755 944 1810 Renerii
963 1758 1190 1826 supplementis,

172 1825 347 1879 Hirschfeld
365 1827 397 1879 in
416 1828 491 1880 actis
504 1826 590 1879 acad.
602 1825 771 1880 Vindobon.
788 1826 858 1881 1874
870 1843 898 1896 p.
909 1827 974 1893 423)
994 1828 1120 1881 contulit
1131 1828 1190 1883 Do·

175 1897 353 1950 maszewshi
453 1896 615 1967 Singiduni
635 1896 787 1967 (Belgrad)
888 1898 1031 1952 balneum
1049 1901 1190 1954 ueterani

173 1983 237 2037 quo
256 1972 416 2022 uterentur
436 1969 563 2037 perfecit
582 1970 778 2037 sacrauitque
796 1970 936 2038 coniugis
954 1972 1118 2024 memoriae
1128 1970 1189 2024 Aet.

180 2036 299 2092 Tertius
319 2055 387 2093 cum
402 2039 488 2093 Aelia
498 2040 602 2093 Tertia
621 2039 690 2093 lilia.
723 2054 832 2094 uersus
851 2055 1011 2109 sermoque
1030 2045 1092 2094 tam
1111 2043 1190 2096 male

175 2110 347 2179 procedunt
364 2115 399 2164 ut
417 2125 456 2165 ne
475 2125 622 2165 summam
639 2110 760 2180 quidem
778 2111 957 2165 sententiam
977 2127 1051 2166 uere
1070 2114 1189 2167 restitu-

174 2188 238 2234 tam
255 2196 321 2235 esse
340 2182 515 2250 spondeam.
547 2184 579 2236 in
603 2181 721 2236 lacunis
740 2181 1010 2236 Mommsenianum
1034 2185 1190 2253 exemplar

174 2252 326 2306 elementa
345 2255 410 2306 t'ere
429 2254 517 2322 plura
536 2268 627 2322 quem
638 2253 843 2308 Renerianunr
862 2255 1012 2323 praebuit,
1030 2269 1130 2323 pauca
1149 2259 1191 2308 et·

175 2325 238 2377 iam
257 2323 386 2377 Hirschf.
407 2325 547 2377 adiunxit
566 2329 597 2378 et
615 2325 754 2379 Domasz.

250 2395 266 2447 2
281 2394 421 2463 perfecta
434 2410 525 2463 peae
544 2395 678 2449 Momms.
694 2395 848 2464 perfectae
862 2394 943 2463 palm
962 2395 1050 2448 Dom.

174 2466 195 2519 3
213 2465 332 2519 octiosi
350 2465 483 2520 Momms.
508 2467 592 2521 unde
616 2468 731 2520 amicus
757 2468 822 2520 eius
845 2464 919 2520 locis
939 2469 1024 2533 earet,
1044 2464 1094 2520 ias
1112 2463 1192 2520 illud

175 2539 278 2591 tamea
298 2542 329 2591 et
347 2535 461 2591 conium
479 2536 601 2608 legauit,
621 2553 689 2591 curn
708 2553 806 2606 aeque
826 2542 918 2617 atque
932 2552 991 2606 ego
1005 2535 1118 2607 dignae
1134 2551 1190 2606 pro

176 2608 327 2662 aduerhio
346 2609 480 2662 haberet.
516 2608 628 2663 Renier
641 2609 800 2678 proposuit
812 2607 895 2677 loces,
915 2610 1008 2662 natas
1026 2624 1135 2662 aerum
1148 2610 1192 2662 ta·

174 2695 246 2732 meo
265 2695 301 2732 ac
320 2679 455 2734 Tertium
474 2685 580 2733 natum
599 2681 687 2734 finxit
705 2695 742 2734 eo
766 2681 832 2748 ipso
856 2680 931 2734 loco.
970 2680 1094 2733 uetusta
1118 2681 1192 2750 legit

177 2750 318 2804 Domasz.
337 2751 416 2804 idem
438 2751 604 2804 clausulam
627 2753 658 2804 in
682 2749 761 2818 ipsis
781 2752 943 2805 euanidam
963 2752 1122 2820 significat.
1151 2767 1192 2804 an

174 2819 269 2890 ipsa?
288 2822 432 2891 intellego
446 2822 589 2876 balneum
602 2823 756 2891 inceptum
769 2823 844 2875 uiua
859 2824 990 2892 coniuge
1005 2838 1059 2891 pro
1077 2822 1192 2876 eisdem

175 2894 289 2962 quibus
308 2893 477 2961 perfectum
497 2893 587 2946 datur
704 2891 870 2962 Hegionis
889 2895 986 2962 suppl.
1006 2893 1118 2947 Renier
1140 2895 1192 2962 qui

175 2964 261 3033 quod
280 2961 409 3034 teotonis
429 2965 585 3033 quondam
594 2962 765 3018 Aleaeaadri
777 2964 900 3018 nomiae
914 2963 1026 3033 dignae
1044 2964 1193 3017 construit

176 3035 394 3104 concluditque
413 3040 481 3104 post
492 3034 598 3089 Seueri
616 3040 743 3089 mortem
764 3037 844 3089 circa
863 3051 889 3088 a.
910 3035 962 3088 238
981 3035 1101 3088 titulum
1120 3036 1192 3088 inci·

175 3121 245 3160 eum
265 3121 340 3174 esse,
369 3106 426 3161 hoc
449 3112 571 3175 praeter
593 3108 803 3160 necessitatem
829 3107 943 3159 factum
970 3111 1022 3172 est,
1047 3107 1193 3175 quoniam

177 3178 337 3247 quondam
361 3193 429 3230 cum
454 3175 588 3231 emeritis
613 3178 662 3231 uel
686 3176 720 3231 ire
738 3192 830 3231 usum
850 3178 949 3246 potuit
968 3176 1191 3246 comprehendi.

176 3263 259 3317 quae
284 3248 430 3303 tendebat
455 3250 486 3301 in
506 3248 620 3302 Moesia
645 3250 803 3318 superiore
827 3249 907 3317 legio
932 3247 988 3301 VII
1008 3247 1135 3302 Claudia
1160 3249 1192 3301 in

176 3320 266 3373 titulo
286 3321 359 3373 anni
378 3319 430 3373 225
449 3319 520 3375 CIL.
540 3319 673 3373 1111676
693 3318 859 3374 Seueriaua
880 3334 1050 3389 cognomen
1069 3319 1193 3373 uidetur

177 3391 330 3444 habuisse.
359 3391 513 3445 eohortem
532 3391 664 3460 aliquam
684 3391 723 3444 ab
743 3390 851 3445 eodem
874 3391 1058 3459 imperatore
1077 3405 1193 3444 nuncu-

178 3468 282 3530 patam
305 3461 507 3516 Mommsenus
531 3463 666 3531 intellegi
691 3462 797 3516 uoluit.
835 3477 884 3515 se..
907 3463 939 3515 in
962 3461 1064 3531 lapide
1087 3461 1195 3530 digno·

178 3547 265 3586 scere
284 3532 340 3586 sibi
358 3534 443 3588 uisus
462 3532 741 3587 seruauitHirschf.
761 3534 919 3602 proposuit
1000 3529 1195 3587 oraminum·

178 3618 242 3657 uox
261 3602 385 3658 Lucreti
404 3609 434 3659 et
453 3604 570 3673 Catulli,
596 3621 693 3658 rauco
716 3619 831 3658 sonans
851 3602 953 3660 amaia
971 3603 1086 3674 Vergili
