2644 3884
604 187 732 228 seusun

634 335 700 400 160

529 459 598 524 sola
620 459 654 524 in
677 461 772 526 teru's
795 462 941 527 omnibus

152 586 218 631 uno
243 563 388 647 eodemq.
413 566 447 629 ln
470 564 524 630 die
547 566 648 630 uitam
673 565 793 651 adepta
815 567 1029 651 functaquest.

228 740 300 797 CIL.
319 741 390 796 VIII
410 742 506 812 suppl.
527 742 615 797 16674
634 743 730 798 deser.
749 743 866 814 Farges
1002 746 1034 799 in
1057 747 1172 800 uicinia

152 813 349 868 Theuestina.
369 814 525 882 praeeedit
538 814 567 867 d.
579 814 620 867 M.
631 829 661 867 s.
671 854 677 867 .
686 855 692 868 .
700 830 720 868 a
731 855 736 868 .
748 855 754 869 .
767 855 773 866 .
785 815 956 869 ..Paulina
968 832 998 870 u.
1009 832 1037 869 a.
1047 816 1176 870 XXIIII

152 883 226 949 h(ie)
250 882 332 950 s(ita)
358 884 423 952 e(st)
451 889 480 938 et
504 889 573 953 post
600 883 677 938 duos
700 887 917 955 semissemque
937 889 990 957 qui
1014 902 1172 943 euanuere

153 970 266 1010 uersus
291 953 475 1009 karissimae
498 953 605 1024 feclii).
644 956 778 1027 elogium
797 959 905 1012 iambis
931 959 1112 1012 instructum
1132 960 1172 1012 ad

155 1027 315 1081 Paulinam
335 1028 360 1080 si
378 1028 517 1095 pertinet,
536 1032 615 1081 stato
634 1029 746 1082 mensis
764 1028 813 1083 die
830 1029 983 1098 sIgnificat
1004 1033 1122 1099 partam
1142 1036 1172 1084 et

153 1102 302 1167 ereptam,
325 1099 434 1152 nimias
457 1103 559 1153 autem
578 1101 709 1167 ineptias
728 1100 883 1170 fugiemus
902 1101 1087 1170 plenumque
1105 1116 1173 1155 uer-

153 1185 223 1224 sum
242 1170 480 1238 reciperabimus
504 1170 718 1225 emendatione
737 1171 795 1224 hae
813 1169 981 1227 karissima
1001 1173 1028 1226 et
1046 1188 1079 1226 eo
1098 1173 1172 1237 solo,

154 1246 191 1295 ut
209 1241 249 1294 ab
267 1255 329 1293 uno
348 1255 464 1294 nouum
485 1242 581 1295 oratio
602 1242 762 1296 exordium
781 1247 881 1296 sumat

636 1422 696 1485 161

155 1543 234 1609 Tali
256 1545 290 1608 in
314 1545 463 1627 coniugio
487 1543 569 1609 haee
592 1547 648 1610 uni
671 1544 811 1611 officium
834 1547 1006 1631 praestitit,

155 1670 200 1715 ex
224 1670 287 1733 qua
310 1651 360 1715 uir
383 1649 485 1714 doluit
508 1671 688 1732 nuncquam
711 1653 781 1717 nise
804 1659 948 1718 mortem.

231 1826 302 1881 CIL.
322 1826 348 1881 V
367 1826 427 1893 154,
447 1826 496 1881 Or.
514 1827 586 1882 4627
709 1828 811 1882 Polae.
841 1832 976 1898 praescri
999 1835 1031 1883 ta
1050 1831 1173 1883 nomina

155 1900 324 1967 coniugum
344 1899 379 1951 L.
402 1895 558 1954 Cornelius
580 1898 631 1953 On.
649 1898 673 1967 f.
693 1898 849 1953 Laecania
868 1899 920 1969 Sp.
941 1846 997 1971 [fii
1006 1899 1172 1967 Moaesima,

155 1984 330 2038 cognomen
348 1970 416 2023 uiro
436 1969 551 2023 nullum
570 1985 655 2024 more
673 1971 807 2040 antiquo.
837 1971 913 2026 haee
932 1987 1000 2026 cum
1019 1970 1076 2026 ioli
1095 1974 1174 2026 exci-

156 2042 223 2165 piatt-
246 2041 311 2094 sine
334 2041 453 2095 ratione
477 2046 531 2094 aut
550 2042 677 2109 mimice,
706 2043 883 2115 arcessitum
908 2058 1031 2098 carmen
1050 2044 1173 2098 aliunde

179 2128 201 2165 u
215 2127 247 2166 es

156 2127 178 2181 p
229 2183 247 2236 2
265 2184 391 2237 mortem
411 2183 552 2237 abscissis
571 2184 705 2237 numeris
724 2200 779 2253 pro
799 2200 868 2238 curn
887 2186 1037 2239 mortuast

637 2363 700 2426 162

155 2485 200 2552 de
223 2506 287 2569 qua
309 2485 388 2550 nihil
411 2506 550 2569 unquam
575 2485 662 2551 dolui
685 2486 748 2551 nisi
771 2507 842 2552 oum
865 2493 991 2552 mortua
1014 2493 1072 2552 est.

230 2661 334 2715 addidi
353 2664 503 2732 superiori
523 2662 649 2716 carmini
668 2667 702 2716 ut
721 2668 829 2732 parata
843 2669 923 2717 esset
942 2663 1113 2718 emendatio
1134 2679 1172 2718 ex

155 2733 312 2788 Fabrettio
332 2733 393 2800 872,
412 2733 429 2786 9
457 2733 596 2788 Terentia
615 2733 757 2789 Secunda
782 2731 842 2788 sibi
865 2736 893 2788 et
916 2732 1056 2789 Terentia
1077 2735 1173 2800 Chloe,

154 2802 241 2859 uixit
260 2802 353 2858 anais
373 2805 423 2857 IX
438 2804 475 2858 de
495 2820 558 2874 qua
577 2820 639 2875 eqs.

230 2877 410 2930 sententiam
430 2876 509 2929 hane
527 2878 614 2930 uarie
631 2882 779 2930 mutatam
798 2876 887 2931 modo
907 2882 1050 2946 parentes
1071 2877 1173 2931 liberis

156 2947 248 3001 modo
269 2947 382 3000 coniux
401 2948 493 3000 ooniu
516 2948 526 2999 i
545 2952 599 3000 aut
617 2948 712 3002 irater
731 2949 828 3001 sorori
852 2949 884 3000 in
903 2948 1106 3002 monumentis
1131 2949 1173 3000 in-

156 3019 316 3087 scripsere,
346 3016 418 3072 CIL.
437 3016 478 3070 VI
532 3017 567 3072 27
591 3019 628 3071 de
651 3034 711 3088 quo
734 3017 802 3099 ahl]
821 3033 976 3088 umquam
994 3016 1092 3073 doluit
1110 3017 1174 3073 nisi

156 3088 263 3159 quohi]
283 3090 422 3143 inomaus
439 3089 490 3156 est,
510 3088 599 3142 20153
612 3089 649 3142 de
662 3105 722 3159 quo
734 3090 814 3143 nihil
827 3088 912 3144 dolui
925 3087 989 3143 nisi
1002 3090 1084 3160 qaod
1096 3105 1174 3143 moi·-

155 3162 209 3214 tus
228 3161 279 3226 est,
299 3158 369 3213 9438
382 3173 420 3213 eae
433 3175 496 3240 qua
514 3157 593 3213 nihil
610 3175 747 3229 unquam
767 3160 853 3215 dolui
868 3158 932 3214 nisi
950 3177 1020 3215 cum
1039 3158 1174 3226 decessit,

158 3230 248 3285 20460
267 3232 304 3284 de
323 3246 386 3311 qua
404 3228 483 3283 nihil
499 3228 597 3284 doluit
613 3229 678 3286 nisi
695 3233 829 3297 moriem,
848 3231 938 3286 23176
957 3232 994 3286 de
1014 3247 1077 3301 qua
1094 3229 1174 3286 nihil

155 3299 247 3356 aliud
266 3302 379 3356 deletus
398 3303 442 3356 esi
459 3299 523 3356 hisi
541 3303 675 3370 mortem,
701 3302 789 3356 24243
814 3303 850 3356 de
875 3317 937 3371 qua
955 3303 1075 3357 nullam
1095 3304 1174 3357 dolo·

155 3388 224 3427 rem
241 3371 306 3427 nisi
325 3370 538 3427 acerbissimae
557 3371 665 3427 mortis
678 3370 743 3427 eius
762 3375 928 3441 acceperet,
947 3373 1037 3428 22848
1056 3373 1092 3427 de
1112 3389 1175 3443 qua
1261 3370 1263 3373 ’

156 3460 189 3497 n.
210 3444 269 3498 dol.
288 3442 412 3512 aleeepi)
430 3460 461 3497 n.
477 3460 563 3509 mor„
582 3444 653 3498 8628
670 3444 759 3498 ouius
779 3445 880 3498 dolore
899 3442 979 3499 nihil
998 3442 1092 3498 hebai
1110 3443 1174 3499 nisi

157 3514 276 3584 mortis,
294 3514 433 3569 Boissieu
446 3513 589 3584 Lugdun.
607 3531 635 3584 p.
650 3515 704 3569 483
723 3516 759 3568 de
778 3531 841 3585 qao
859 3531 946 3570 nemo
965 3531 1092 3570 suetam
1110 3531 1174 3569 um-

156 3601 254 3656 quam
273 3584 372 3640 doluit
389 3583 454 3641 hisi
472 3588 606 3654 mortem,
626 3584 698 3641 CIL.
708 3585 749 3640 VI
760 3586 848 3640 19100
861 3586 897 3651 de
910 3602 970 3657 quo
984 3587 1091 3656 questa
1105 3600 1175 3640 sum
