2644 3884
578 171 739 213 TROCHAEI

626 319 690 384 247

221 427 252 479 15
272 428 477 496 septenarium
495 426 565 480 licet
584 440 766 494 componere
789 426 1001 494 inscriptiones
1025 425 1166 480 distribu-

149 502 198 552 tas
210 513 264 623 pgr
278 498 461 622 sarqophagi
475 494 605 551 Atestini
621 498 778 566 fastigium
790 501 820 552 et
833 500 1070 567 antepagmenta
1084 497 1167 551 Hen-

150 583 208 623 zen
253 586 276 622 r.
296 569 331 622 73
350 570 367 622 8

184 636 324 708 re[epio]e
343 641 371 692 et
389 640 493 694 crede:
512 639 566 692 hoo
585 640 636 705 est,
658 636 703 693 sio
722 641 774 704 eet,
794 637 873 693 aliut
888 636 957 708 fieri
974 655 1037 694 505
1056 637 1132 694 ticet.

149 712 299 765 sententia
318 712 383 765 fere
402 711 509 764 eadem
520 710 655 764 Romano
676 711 866 780 sarcophago
879 712 1025 781 inscripta
1044 712 1098 765 doe
1111 712 1165 779 eet,

149 781 194 836 sie
213 784 264 850 est,
285 780 363 835 aliut
378 780 447 851 fieri
465 797 528 834 555
546 783 650 849 potest,
670 782 724 836 doc
743 782 786 835 ool
803 797 859 836 nos

220 854 292 908 item
311 855 349 907 ab
363 854 409 907 his
422 869 484 906 mon
498 851 558 923 feti,
575 851 634 921 feti,
653 870 716 907 mou
729 868 805 921 sum,
824 868 887 907 aon
906 849 1046 906 desidero
1065 851 1166 916 (Lam-

148 924 234 978 baesi
248 924 320 980 CIL.
331 924 401 979 VIII
412 924 494 990 3463)
509 924 560 978 uel
573 941 635 978 555
645 922 705 994 fut,
716 923 776 994 fui,
788 922 923 989 memim',
935 939 998 976 555
1010 938 1086 990 sum,
1099 938 1164 977 5055

149 1011 222 1050 cero
247 995 408 1063 (Lactorae
430 995 538 1049 Revue
559 996 655 1066 epigr.
682 996 724 1050 du
747 996 819 1049 midi
839 995 910 1050 1882
928 1011 957 1064 p.
970 993 1023 1047 322
1041 1011 1070 1047 n.
1089 994 1163 1061 355),

152 1082 231 1136 quae
250 1072 312 1120 tam
330 1068 401 1120 trita
415 1068 576 1137 epitaphiIs
594 1068 682 1122 fuere
700 1072 735 1121 ut
754 1069 870 1137 primae
888 1066 1007 1120 litterae
1025 1066 1163 1119 notando

151 1138 326 1192 sufficerent
351 1154 380 1191 5.
397 1139 422 1206 f.
439 1138 464 1205 f.
483 1154 514 1192 5.
534 1154 557 1192 5.
576 1154 607 1192 m.
627 1155 650 1193 c.
675 1139 812 1202 (Henzen
835 1138 925 1205 7387),
949 1152 1012 1191 non
1034 1137 1164 1191 multum

150 1209 267 1263 abludit
283 1211 455 1263 uersiculos
1250 1212 1255 1220 '

249 1296 310 1334 505
328 1280 387 1350 fui,
405 1279 457 1348 fui
475 1279 503 1335 si
521 1280 655 1349 memini,
675 1297 737 1335 non
756 1296 833 1348 sem,
852 1296 913 1334 mon
934 1274 1073 1334 desidero

220 1357 388 1421 praeeunte
398 1351 593 1405 Fleckeiseno
608 1368 678 1405 ann.
691 1353 761 1406 1868
776 1369 803 1421 p.
817 1351 870 1405 214
889 1353 991 1406 nescio
1007 1368 1046 1404 an
1067 1356 1166 1419 septe-

149 1424 242 1476 nariis
253 1422 450 1477 adnumerem
464 1424 561 1476 uerba
570 1424 657 1476 nimis
671 1424 809 1477 mutilata
819 1422 978 1491 Aquileiae
991 1424 1166 1491 subscripta

148 1493 261 1563 Diphili
281 1495 394 1546 nomini
415 1492 486 1547 CIL.
506 1493 520 1545 I
540 1493 609 1547 1459
628 1494 652 1548 V
673 1493 741 1547 1191

249 1562 337 1618 diaes
355 1563 432 1632 oilae
452 1562 584 1618 auaritia
605 1562 714 1633 [uiaelit
735 1565 776 1618 ad
796 1561 916 1632 [Ditem]
936 1562 1028 1617 uenit.
1057 1564 1126 1617 uate

220 1637 251 1689 in
270 1635 379 1689 medici
399 1635 556 1689 cuiusdam
576 1637 662 1690 titulo
683 1635 754 1691 CIL.
774 1635 1076 1690 7195831515515015
1095 1634 1166 1688 51115

148 1707 225 1760 haec
244 1708 389 1776 leguntur
408 1707 480 1761 15500
493 1709 536 1761 051
548 1708 658 1761 domus
670 1710 801 1775 aeterna,
821 1706 869 1762 lete
888 1708 931 1761 eet
947 1706 1078 1776 fundae,
1097 1704 1166 1760 15515

148 1779 221 1833 som
233 1776 321 1846 horti,
341 1779 395 1832 hoo
408 1780 452 1832 est
468 1781 697 1833 monumentum
709 1781 856 1846 nostrum,
875 1778 958 1832 unde
971 1779 1165 1848 septenarius

148 1854 182 1902 ut
201 1849 271 1902 mihi
292 1850 445 1904 suboleret
464 1865 549 1904 error
568 1853 684 1905 fecerat
702 1850 861 1906 Garruccii
880 1850 1039 1905 scribentis
1058 1864 1165 1904 monet·

148 1921 282 1974 mentum
301 1936 402 1976 meum
421 1920 492 1976 CIL.
512 1921 526 1974 I
546 1922 615 1976 1059

624 2207 689 2272 248

147 2332 198 2396 Ι)5
222 2330 366 2414 decuma,
390 2331 512 2414 Victor,
536 2330 613 2396 tibei
637 2331 756 2396 Lucius
779 2331 915 2396 Mumius
939 2330 1056 2396 donum

148 2438 288 2503 moribus
311 2438 471 2520 antiqucis
493 2439 684 2522 promiserat
708 2437 769 2504 hoc
793 2437 870 2503 dare
893 2458 974 2504 5555.

149 2546 252 2611 uisum
276 2545 381 2609 animo
406 2565 462 2610 suo
485 2544 621 2628 perfecit
645 2551 701 2609 tua
723 2564 804 2629 pace
827 2565 945 2628 rogans
968 2552 1001 2610 te

151 2649 308 2734 cogendei
330 2650 545 2716 dissoluendei
569 2657 603 2716 tu
626 2658 662 2716 ut
684 2651 794 2717 facilia
817 2651 946 2718 faxseis.

127 2757 299 2843 spcrficias
323 2756 490 2822 decumam
514 2763 549 2822 ut
571 2758 672 2824 faciet
695 2778 791 2824 uerae
814 2758 948 2825 rationis

148 2885 270 2949 proque
294 2864 356 2930 hoc
379 2871 476 2947 atque
500 2864 592 2930 elicis
616 2863 708 2931 donis
732 2865 789 2932 des
813 2865 913 2950 digna
935 2867 1079 2932 merenti.

221 3006 292 3062 CIL.
303 3007 317 3060 I
327 3006 387 3074 542,
393 3006 436 3059 IX
445 3006 524 3074 4672,
533 3007 601 3060 add.
611 3006 705 3077 paee.
724 3007 960 3062 ALBurmanni
971 3008 1163 3078 134‚Meyeri

149 3078 200 3132 591
408 3079 466 3132 fuit
484 3078 579 3132 Reate
599 3080 630 3133 in
649 3080 716 3132 basi
737 3085 844 3134 ornata
863 3081 958 3149 signis
977 3081 1031 3135 sed
1051 3083 1163 3149 attrita,

149 3165 245 3204 unum
265 3149 421 3219 exemplar
438 3149 608 3218 complures
624 3150 822 3220 diuolgarunt
841 3153 913 3205 satis
933 3152 1094 3222 diligenter
1113 3152 1165 3206 de-

150 3222 303 3290 scriptum.
332 3222 531 3289 praemissum
551 3226 596 3275 est
614 3223 724 3288 concie,
745 3222 802 3276 hoc
820 3224 942 3277 nomine
956 3228 986 3276 et
1004 3223 1163 3279 111071015-

149 3293 191 3346 ris
200 3291 346 3346 Hercules
360 3292 531 3361 appellatur
544 3294 596 3362 qui
610 3308 678 3346 cum
691 3293 731 3346 ad
750 3309 834 3347 aram
853 3295 1015 3347 maximam
1030 3310 1048 3347 a
1061 3296 1166 3348 trium-

150 3364 314 3433 phantibus
334 3363 392 3416 coli
411 3364 517 3417 solitus
536 3369 582 3418 est
600 3369 664 3418 tum
683 3380 702 3417 a
714 3363 747 3416 L.
755 3364 898 3418 Mummio
915 3363 1057 3419 Corintho
1072 3370 1165 3436 capta

151 3436 309 3488 decumam
328 3435 462 3503 praedae
481 3437 599 3505 accepit
619 3436 759 3490 oblatam.
790 3436 827 3490 cf.
847 3451 941 3505 supra
961 3452 1082 3491 carmen
1102 3438 1119 3491 3

222 3506 236 3558 1
255 3503 381 3559 muniere
400 3506 538 3575 plerique
561 3512 702 3561 auctores
802 3505 1022 3575 ipromiserat
1040 3508 1163 3562 Momm·

150 3592 205 3631 555
225 3576 382 3646 praeclare
396 3577 585 3632 emendauit:
600 3593 661 3646 pro
674 3593 773 3633 ((5555
786 3578 916 3633 traditur
1000 3578 1017 3631 3
1029 3593 1085 3633 auo
1098 3595 1166 3633 una

14 3834 151 3862 „L—-m
