2648 3886
182 132 237 188 304
620 147 760 188 uncum

255 292 327 350 CIL.
344 293 371 349 V
389 294 461 348 1710
479 308 518 348 ex
535 308 589 348 ms.
609 293 808 348 Moschettini.
844 290 906 347 AL.
926 292 1042 363 Meyeri
1061 293 1133 348 1519

219 363 387 434 Aquileiae.
424 365 629 434 subscriptum
648 361 788 433 deposita
807 364 875 417 1111
891 362 964 419 idua
983 363 1171 433 Septembris

255 437 271 490 1
289 437 309 491 i.
322 440 428 491 sancte
499 435 517 490 2
536 451 628 490 certus
641 439 759 490 etberto
772 435 925 490 traditum.
951 451 1047 506 penca
1056 435 1104 491 Mc
1128 451 1200 492 erus

289 506 308 561 4
326 507 378 562 boc
391 523 447 578 pro
461 507 566 561 datiuo
580 507 755 561 habendum
775 512 827 574 est,
847 506 919 562 talc
938 508 1093 563 substituit
1103 453 1199 563 {tein-

183 578 312 634 bucchel
434 578 452 633 6
471 579 605 648 quattor
623 582 653 633 et
671 575 782 633 solatia
800 578 921 646 tradita,
940 580 990 633 ast
1007 580 1138 634 fortasse
1155 580 1199 633 ni·

183 649 245 704 hilo
264 650 368 705 uerius
469 651 485 705 l
505 649 603 704 uoluit
622 650 730 719 opinor
748 651 878 719 scriptor
896 649 1032 704 indicare
1052 665 1091 705 ex
1110 665 1200 720 puer-

182 722 268 791 perio
292 720 376 790 quod
400 724 472 776 ante
494 720 626 775 reditum
651 721 751 774 mariti
779 720 939 775 accidisset
966 719 1100 776 solidam
1121 736 1201 776 mor·

182 798 275 860 tuam,
295 807 481 862 quamquam
499 789 595 845 cubile
614 806 715 861 aeque
733 792 812 847 male
830 793 1003 846 enuntiauit
1021 807 1058 846 ac
1076 792 1138 846 u.4
1156 793 1200 846 ta-

183 863 280 918 lomna
358 863 393 916 10
411 861 532 931 topace
545 862 707 931 communi,
720 872 784 918 turn
797 861 947 918 catholica
960 864 1129 918 increbruit
1141 865 1200 919 sub

182 934 273 989 finem
293 934 407 989 saeculi
426 935 528 1003 quarti

182 1129 275 1216 Rupe
299 1150 381 1197 caua
403 1150 514 1196 manes
536 1130 600 1197 feci
623 1150 708 1196 nunc
732 1130 861 1215 coniugi
884 1130 997 1197 Paullo

181 1237 279 1320 inque
301 1237 372 1323 pari
395 1236 505 1320 requie
528 1237 714 1304 Victorinus
737 1238 822 1321 eligo
846 1235 967 1303 sedem.

228 1342 285 1410 sed
309 1349 342 1410 et
361 1342 530 1411 Viatorino
552 1343 664 1428 nepoti
687 1363 796 1408 eorum
820 1343 883 1426 qui¹
897 1343 980 1409 uixit
1003 1343 1096 1410 annis
1118 1343 1198 1410 1111,

253 1501 326 1559 CIL.
343 1501 373 1555 X
390 1500 461 1556 5819
480 1516 520 1556 ex
540 1501 629 1556 editis
757 1500 864 1556 Aletrii
883 1502 915 1555 in
934 1501 1102 1571 anaglypto
1119 1516 1198 1556 mar·

182 1576 275 1629 moris
295 1573 355 1628 albi
376 1587 474 1641 opere.
488 1572 570 1641 quod
588 1575 689 1627 uirum
709 1574 824 1629 uestitu
843 1573 996 1628 consulari
1010 1578 1040 1628 et
1052 1573 1198 1627 feminam

184 1645 372 1701 ostendebat.
406 1658 530 1698 uersum
552 1644 570 1698 3
594 1651 832 1700 consentaneum
859 1650 904 1699 est
926 1645 1057 1699 metricis
1077 1644 1199 1699 duobus
1256 1703 1261 1709 ,

182 1717 335 1772 adiectum
355 1729 421 1770 esse
439 1716 592 1784 posterius

254 1785 362 1842 delibo
385 1785 552 1841 ediderant.
580 1787 765 1857 interpretor
785 1787 872 1857 quasi
890 1783 1027 1857 requiem
1045 1785 1115 1841 sede

658 1931 723 1996 642

180 2055 252 2121 Hoc
274 2074 337 2121 nuc
359 2074 418 2121 nos
440 2053 569 2141 p0[si]t0
591 2055 684 2121 titulo
707 2054 908 2141 nomenq[ue]
932 2062 1072 2121 tuemur:

179 2162 316 2247 Pelagio
338 2161 472 2248 Natassi]
499 2163 606 2246 coiugi
628 2182 669 2229 cu
693 2162 813 2270 Optato
836 2162 1006 2247 l[i]ber[to.,

252 2337 324 2394 CIL.
344 2338 387 2393 IX
406 2337 475 2393 2991
496 2339 623 2394 contulit
641 2338 764 2395 Dressel
885 2340 917 2393 in
936 2353 1012 2409 agro
1032 2337 1197 2394 Frentano.

179 2411 402 2481 praescriptum
420 2410 450 2465 d.
469 2410 511 2465 M.
532 2409 565 2479 [a

655 2501 721 2566 643

280 2626 537 2691 ..uit.
629 2646 894 2691 .rea..

180 2782 188 2798 .
280 2783 288 2799 .
311 2753 385 2817 uoq.
410 2741 442 2799 et
464 2740 562 2800 natae
584 2739 662 2800 nata
684 2734 732 2800 uti
756 2735 872 2800 comite
964 2776 968 2781 -

281 2890 288 2906 .
312 2841 470 2906 outuimrc
494 2840 648 2906 comitata
670 2841 801 2907 necauit

280 2997 287 3013 .
311 2967 365 3013 um
389 2947 511 3033 spreuit
532 2947 653 3031 nulloq.
679 2947 810 3033 cupidin
834 2948 903 3014 eius

280 3103 287 3119 .
311 3053 459 3120 mucituit
481 3075 544 3120 uno
569 3060 719 3122 contenta
741 3055 856 3120 marito

280 3210 288 3226 .
311 3180 427 3227 nomen
451 3161 511 3227 erit
532 3181 554 3227 a
577 3181 699 3227 summo
722 3160 789 3226 nuii
812 3179 885 3227 uere

250 3334 323 3392 CIL.
341 3336 475 3392 Π19667
494 3352 534 3392 ex
553 3338 672 3478 syllope
690 3353 743 3393 ms.
762 3336 877 3393 Bartoli
996 3352 1093 3408 prope
1111 3333 1197 3394 Salo·

177 3421 234 3462 nas
335 3409 539 3479 subscriptum
558 3410 695 3464 ...benc
712 3403 838 3464 meritae
858 3407 994 3464 Sabinus
1013 3410 1040 3464 ct
1056 3405 1125 3464 riti.
1149 3407 1197 3464 lit·

177 3483 259 3532 teras
278 3479 321 3532 sic
339 3494 395 3548 pro
418 3494 436 3534 e
456 3493 559 3534 omnes
582 3484 618 3535 ut
642 3480 812 3552 descriptae
834 3485 905 3535 sunt
925 3481 1070 3551 expressi,
1099 3494 1197 3548 quon·

176 3549 238 3603 iam
258 3553 341 3604 certa
359 3564 381 3602 n
424 3551 471 3605 ius
490 3564 599 3606 uersus
618 3551 709 3607 datur
727 3551 900 3607 emendatio
