2634 3892
151 120 206 176 374
591 132 730 173 nucum

154 280 272 366 dignus
295 280 350 364 qui
373 280 487 346 merito
511 279 663 347 inlibatus
686 278 754 345 iure
777 282 925 366 perennis

153 388 229 454 huie
252 392 341 452 tante
364 386 433 453 sedi
457 385 603 471 Chr(ist)i
626 386 796 472 splendore
820 407 932 453 serene

116 495 274 561 aelectus
297 493 373 560 fidei
396 494 510 579 plenus
533 514 735 577 summusque
758 493 920 576 sacerdos,

152 600 207 685 qui
230 601 326 666 niuea
348 607 454 666 mente
477 601 700 666 immaculatus
722 621 810 685 papa
832 600 972 684 sederes,

152 707 207 791 qui
230 708 312 773 bene
336 708 545 792 apostolicam
568 705 748 772 doctrinam
771 714 882 772 sancte
906 706 1041 774 doceres

152 815 322 880 innocuam
345 814 471 899 plebem
496 814 606 879 celesti
628 814 701 898 lege
724 813 888 897 magister.

153 923 224 1005 quis
246 928 279 987 te
302 925 462 986 tractante
485 939 543 985 sua
565 940 629 984 non
651 925 788 1005 peccata
810 919 968 1001 reflebat‘?

115 1054 143 1094 ao
152 1029 186 1093 in
208 1027 321 1093 sinodo
346 1027 469 1093 cunetis
493 1027 595 1092 uictor
618 1028 776 1112 superatis
799 1026 926 1110 iniquis⁸

153 1134 330 1219 sacrilegis,
354 1135 480 1202 Nicena
502 1133 583 1199 fides
606 1134 691 1198 elata
715 1133 900 1219 triumphat.

153 1247 266 1308 contra
289 1261 385 1325 quam
407 1241 515 1326 plures
539 1247 702 1306 certamen
724 1241 897 1326 sumpseris
919 1262 1009 1325 unus,

153 1348 316 1414 catholica
338 1348 502 1432 precincte
525 1346 599 1430 fide,
623 1346 805 1432 possederis
829 1368 948 1414 omnes.

152 1475 217 1519 uox
240 1460 296 1519 tua
319 1454 471 1519 certantis
494 1453 555 1518 fuit
579 1454 671 1520 ‘haee
694 1454 819 1519 sincera
842 1451 987 1520 salubris'

117 1566 251 1643 aratque
275 1560 345 1624 ‘nec
369 1558 430 1624 hoc
453 1565 559 1624 metuo
582 1578 686 1641 neque
710 1559 788 1624 illud
813 1561 1011 1625 committere
1034 1557 1135 1645 opto’.

152 1668 235 1733 haec
257 1666 328 1749 fuit,
353 1666 434 1731 haec
458 1685 583 1751 semper
606 1667 723 1732 mentis
747 1668 927 1732 constantia
949 1666 1049 1731 firma.

153 1774 332 1859 discerptus
356 1779 477 1838 tractus
500 1772 753 1857 profugatusque
776 1772 937 1857 sacerdos,

154 1882 284 1965 insuper
305 1886 341 1944 ut
363 1879 479 1945 faciem
503 1877 643 1962 quodam
666 1879 794 1964 nigrore
818 1880 950 1962 uelaret,

153 1987 253 2053 nobili
276 1986 360 2053 falsa
382 2008 478 2052 manu
501 1993 666 2072 portantes
689 1987 814 2053 aemula
838 1988 920 2052 caeli

116 2118 143 2158 40
154 2099 189 2159 ut
212 2094 352 2177 speciem
376 2092 496 2158 domini
520 2093 651 2158 foedare
674 2093 746 2159 luce
771 2113 914 2160 corusca.

154 2219 194 2266 en
218 2199 277 2265 tibi
300 2199 471 2265 discrimen
493 2199 664 2264 uehemens
687 2220 750 2265 non
773 2198 893 2265 sufficit
916 2219 1047 2283 annum,

154 2305 284 2392 insuper
308 2305 404 2371 exilio
428 2305 560 2373 decedis
583 2313 705 2391 martyr
729 2304 772 2371 ad
795 2313 883 2371 astra

154 2419 252 2495 atque
275 2411 358 2477 inter
381 2413 583 2497 patriarchas
605 2433 813 2498 praesagosq.
838 2413 1022 2499 prophetas,

154 2520 238 2584 inter
261 2519 472 2604 apostolicam
495 2520 621 2585 turbam
644 2525 852 2604 martyrunrq.
876 2525 1057 2606 potentum,

117 2645 227 2690 ascum
251 2624 313 2690 hac
336 2626 430 2691 turba
454 2625 570 2710 dignus
592 2624 780 2708 mediusque
803 2625 928 2691 locatus

154 2731 231 2796 mite
254 2730 343 2816 pium
366 2731 486 2798 domini
512 2739 695 2817 conspectu,
718 2733 802 2799 iuste
825 2733 985 2799 sacerdos.

154 2839 202 2903 sic
225 2837 299 2903 inde
323 2839 382 2905 tibi
405 2839 518 2904 merito
543 2844 633 2904 tanta
656 2846 706 2905 est
729 2859 882 2906 concessa
904 2845 1050 2924 potestas

56 2942 60 2949 ’
155 2952 190 3009 ut
213 2965 341 3009 manum
364 2944 510 3030 imponas
533 2945 730 3030 patientibus
752 2946 858 3012 incola
882 2944 1042 3027 Chilistli,

155 3050 324 3117 daemonia
348 3052 501 3136 expellas,
525 3071 643 3136 purges
666 3051 862 3134 mundesque
885 3051 1027 3137 repletos

116 3177 194 3223 acac
217 3158 324 3223 saluos
347 3157 491 3223 homines
513 3156 632 3223 reddas
655 3159 824 3241 animoque
846 3159 995 3242 uigentes

155 3282 213 3348 per
235 3263 337 3348 patris
360 3283 399 3328 ac
423 3263 480 3329 filii
503 3283 618 3330 nomen
642 3263 694 3330 cui
718 3264 877 3330 credimus
901 3282 1021 3330 omnes.

155 3388 228 3433 cum
252 3375 306 3434 tuo
329 3369 391 3435 hoc
415 3371 504 3436 obitu
526 3369 704 3454 precellens
727 3371 792 3436 tale
816 3369 971 3454 uidemus

156 3493 244 3558 spem
267 3475 408 3558 gerimus
431 3477 537 3541 cuncti
561 3478 690 3563 proprie
713 3497 770 3542 nos
794 3495 864 3542 esse
887 3478 1000 3542 beatos

203 3578 209 3594 '
235 3599 342 3646 sumus
366 3581 490 3664 hocque
514 3588 601 3647 tuum
624 3584 771 3649 meritum
795 3582 953 3666 fidemque
977 3584 1092 3649 secuti.
