2648 3886
164 145 219 199 240
604 158 744 199 uacrrm

164 306 290 360 tanciae
308 318 418 375 agrum
437 302 616 374 Ohcvening
751 306 972 375 praescriptum
991 305 1020 360 d.
1040 305 1091 372 M„
1111 305 1181 359 sub·

166 377 279 445 scripta
297 376 479 430 adclamatio
498 376 657 430 iambodes
675 378 742 440 τοὺς
761 378 829 440 σοὺς
848 376 961 441 ἀγῶνας
974 376 1045 431 αἰὼν
1064 376 1181 442 λαλήσει

166 446 285 515 (Kaibcl
304 448 393 502 inser.
412 463 458 516 gr.
479 444 536 501 Sic.
554 446 637 511 2539)

237 519 254 572 2
272 516 405 573 studiosi
423 517 566 573 Heinsius
584 518 801 587 interpretatus
821 522 867 573 est
884 518 1011 573 factioni
1029 519 1179 573 fauentes.

165 587 240 645 certi
257 605 336 644 nom.
349 590 427 658 plur.
446 604 483 643 ac
495 604 558 643 non
570 604 640 658 gen.
655 591 732 658 sing.
747 590 828 643 idem
847 590 998 658 significat
1012 589 1094 658 quod
1110 604 1179 642 cum

166 666 264 715 certos
277 662 390 715 amicos
404 661 531 715 dicimus
621 660 763 729 3Vergili
772 661 992 717 hemistichium
1004 659 1080 715 Aen.
1090 659 1116 715 V
1125 660 1181 714 538

165 737 196 786 et
214 732 267 788 572
395 732 413 786 8
432 732 470 785 cf.
487 731 574 798 303,s
593 730 665 786 talis
684 730 875 800 respublica
893 746 993 801 quere.
1022 732 1180 786 aberrauit

164 802 273 858 Kaibel
293 817 361 856 curn
380 817 530 871 quaereus
549 803 704 857 substituit
833 804 868 857 10
886 803 981 873 digna
999 802 1096 857 Fusco
1115 817 1180 856 mu·

164 889 240 929 uera
263 889 328 929 mor
330 876 368 928 tis
330 874 484 940 tdiccs,
511 873 581 927 licet
604 889 643 927 ne
661 874 704 927 illi
723 874 845 942 quidem
864 873 999 929 Fortuna
1022 889 1085 929 non
1103 873 1179 927 inui-

165 945 243 1000 derit
402 944 437 997 12
455 945 527 998 heae
546 944 642 1013 habet]
663 944 803 1014 exempla
822 944 966 1015 adposuit
954 944 1181 999 tBurmannus

165 1031 234 1071 cum
253 1016 313 1069 alia
330 1014 544 1080 (Liuianat
491 1016 544 1070 dat
553 1014 823 1070 Drakenborchius
842 1015 883 1070 VI
899 1015 942 1083 35,
962 1016 989 1081 8)
1008 1022 1073 1070 tum
1091 1013 1179 1071 Statii

165 1087 219 1141 Th.
238 1086 282 1141 XI
294 1087 347 1141 557
366 1093 396 1141 et
414 1086 569 1141 quenalis
584 1087 626 1155 10,
640 1087 683 1142 72.
713 1087 751 1142 de
770 1092 907 1142 extremo
926 1088 1023 1142 ucrbo
1043 1087 1080 1140 cf.
1093 1086 1154 1155 409
1165 1100 1182 1139 a

640 1213 703 1278 501

164 1320 262 1386 Hisce
285 1319 365 1385 locis
388 1320 477 1385 Flori
499 1319 704 1402 requiescunt
727 1339 801 1385 ossa
826 1320 963 1404 sepulta,

164 1426 281 1492 aetatis
304 1427 437 1510 primae,
461 1425 642 1491 miserando
665 1426 776 1491 funere
800 1434 892 1511 rapto

163 1533 249 1597 Ditis
271 1531 315 1596 ad
337 1531 477 1597 infernas
500 1532 593 1597 sedes
615 1532 768 1615 lucosque
790 1533 926 1618 piorum,

164 1659 257 1722 quem
281 1638 379 1703 docta
402 1637 515 1703 studiis
538 1646 666 1704 ornarat
690 1639 767 1704 diua
789 1639 918 1721 Thalia,

138 1747 217 1829 aqui
239 1765 339 1831 prope
362 1746 493 1811 uicenos
516 1747 566 1811 bis
589 1747 653 1811 iam
675 1747 858 1831 supleuerat
881 1765 992 1829 annos,

162 1854 195 1918 ni
218 1853 375 1920 Lachesis
397 1855 509 1920 breuia
531 1854 668 1939 rupisset
691 1854 829 1920 stamina
852 1854 933 1920 fuso.

162 1980 220 2044 pro
244 1959 344 2043 dolor,
367 1968 403 2025 ut
425 1962 503 2026 nulli
527 1960 658 2026 decreta
680 1980 827 2045 rumpere
850 1961 900 2025 fas
923 1968 972 2026 cst

161 2065 334 2130 Parcarum
358 2064 435 2132 diua
458 2066 617 2149 durosque
641 2065 778 2131 euadere
802 2085 906 2131 casus.

233 2187 304 2243 CIL.
324 2188 395 2243 VIII
414 2189 485 2242 8870
504 2189 600 2243 deser
618 2188 785 2243 Marchand
804 2193 835 2244 et
853 2190 998 2259 Vigneral
1117 2189 1176 2244 Tu·

161 2264 271 2398 pgrdsuct
272 2274 294 2313 u
260 2259 521 2314 tMauretaniae
622 2260 778 2330 praecedit
766 2261 879 2315 th.
895 2275 919 2313 a.
920 2262 1083 2376 ,sequitur
1102 2259 1176 2329 hiis)

161 2334 295 2395 suste
281 2333 346 2394 elsi)

233 2401 250 2454 2
274 2404 364 2470 rapto
391 2402 478 2482 quasi
498 2402 596 2456 Floro
619 2403 828 2472 praecesserit,
858 2418 912 2472 ar„
896 2408 969 2456 vute
993 2403 1081 2471 quasi
1102 2400 1177 2472 flora

162 2473 228 2525 aeta
230 2471 290 2526 tis?
408 2470 477 2527 lui
498 2470 578 2526 nulli
600 2473 777 2528 editumt
732 2479 785 2540 est,
811 2473 1035 2528 emendandum
1055 2488 1121 2528 esse
1139 2477 1176 2528 ut

162 2540 351 2598 Studemund
371 2558 494 2613 quoque
513 2544 634 2598 uidcrat
750 2544 767 2598 8
786 2545 859 2599 dica
877 2560 963 2614 prop
984 2542 1174 2600 Studemund

160 2615 260 2667 minus
285 2618 376 2682 recte
400 2615 469 2668 licet
493 2614 593 2669 exolet
582 2621 646 2670 tum
669 2616 761 2669 fuerit
780 2616 1000 2685 explosumque
1022 2613 1099 2670 diua
1117 2632 1175 2686 pro

161 2685 281 2738 diuims
313 2682 430 2754 rupisti
447 2683 535 2740 iussa
555 2686 681 2741 deorum
700 2684 793 2741 Culic.
812 2687 866 2741 293

635 2793 701 2858 502

160 2897 297 2983 Hospes]
321 2898 364 2964 ad
386 2898 449 2964 hoc
471 2900 626 2965 tumulum
649 2887 724 2964 dum
747 2901 889 2985 perlegis
912 2901 998 2985 [acta
1021 2899 1159 2986 resliste,

204 3005 313 3089 aspice
337 3025 433 3088 quam
456 3004 600 3089 indilgne
623 3007 665 3071 sit
687 3005 775 3089 data]
798 3008 868 3072 uita
890 3007 979 3072 mihi.

158 3112 224 3176 XII
248 3131 309 3195 ego
334 3111 511 3196 [annorqu
534 3112 602 3177 uixi
626 3111 829 3179 dulcissimae
852 3113 958 3197 matri,

160 3216 223 3300 [cui
246 3218 325 3302 liqui
347 3217 469 3303 fletu]m
492 3218 560 3284 lato
584 3220 648 3284 cito
672 3228 782 3304 raptus
806 3221 926 3303 iniquo,

131 3323 239 3408 s[cum
262 3324 443 3408 Ianua]rias
466 3325 661 3392 celebrarem
684 3325 767 3392 forte
790 3327 987 3412 hahendas),

158 3428 245 3513 [dum
268 3428 388 3495 ducunt
410 3431 524 3515 mlater
547 3439 579 3497 et
602 3451 756 3516 germana
779 3453 868 3499 soror
892 3432 1090 3516 [ueneratum

157 3535 252 3618 inlter
274 3535 357 3601 festa
380 3537 464 3603 sacri
487 3539 608 3624 templa
633 3538 678 3622 [et
700 3538 905 3624 comiltantur
928 3540 1033 3606 amici.
