2634 3892
180 148 234 202 392
621 163 762 204 unorum

253 307 326 363 CIL.
345 307 374 361 X
391 308 471 373 4429,
490 309 627 363 Fabretti
645 309 689 376 21,
708 308 744 363 89
874 311 933 364 fuit
952 309 1084 379 Capuae,
1104 326 1204 381 supra

181 378 378 450 Gariglianus
397 384 526 434 testatur
549 381 650 434 fictam
669 396 736 435 esse
755 381 913 436 mulierem
931 382 1100 451 plorantem

658 559 723 624 845

223 685 264 749 Ι).
287 685 331 749 Μ.
355 684 522 750 Atticillae

179 810 374 875 praenomen
395 792 536 856 Marciae
559 792 661 876 pestis
686 791 738 857 eui
762 790 833 856 dira
856 793 999 875 negauit.

251 966 324 1022 CIL.
343 967 413 1022 XIV
429 968 482 1021 632
501 983 541 1022 ex
560 969 687 1035 schedis,
708 968 951 1035 Muratori1637,
972 969 1008 1022 18
1093 968 1200 1024 Ostiae

291 1039 461 1093 libertatem
486 1056 597 1094 nomen
620 1055 660 1093 ue
683 1039 830 1093 Marcium
858 1041 887 1095 ei
909 1041 1079 1110 praeripuit
1102 1042 1199 1110 pestis

178 1111 250 1235 2102
249 1110 324 1235 (ἔξεο
326 1126 418 1236 fanbltlili
429 1111 481 1165 182
501 1110 609 1174 (CIL.I
648 1111 730 1176 5567)
749 1112 907 1181 posterior,
927 1116 961 1165 ut
980 1112 1090 1181 probat
1104 1128 1201 1180 prae·

658 1290 722 1355 846

179 1421 359 1480 surrectura
383 1414 435 1479 die
460 1415 550 1480 eaelo
574 1433 646 1479 oum
669 1413 793 1478 uenerit
817 1419 939 1479 auotor.

250 1592 364 1660 sumpsi
385 1607 424 1645 ex
444 1592 538 1644 titulis
557 1589 781 1643 Viennensibus
801 1588 873 1644 CIL.
892 1589 951 1643 XII
962 1589 1032 1644 2111
1053 1589 1102 1645 hic
1117 1604 1198 1659 pau·

180 1664 229 1716 sat
246 1661 418 1729 Eufrasius
436 1660 594 1716 bandinius
611 1660 646 1714 io
663 1676 737 1729 paco
753 1659 808 1731 qui
825 1658 908 1715 uiuit
925 1677 974 1715 uo.
993 1662 1084 1715 LXX
1100 1678 1197 1717 mens.

179 1734 216 1786 II
230 1735 258 1787 et
276 1732 342 1789 dies
356 1735 416 1789 VII
430 1731 591 1788 surrectio
611 1747 673 1800 eqs.
688 1736 717 1786 et
730 1732 801 1786 2104
819 1731 868 1787 hic
885 1730 1048 1801 requiescit
1066 1731 1101 1786 in
1116 1749 1196 1802 pace

178 1803 407 1859 Aonentaraam
425 1821 503 1874 quae
515 1803 599 1859 uixit
611 1820 682 1857 ano.
693 1804 762 1857 IIII
776 1819 870 1858 meos.
885 1804 927 1859 VI
936 1801 1112 1859 sumeturu
1126 1821 1199 1860 oum

179 1874 245 1930 dies
264 1874 405 1942 diomimi
424 1875 607 1941 oduuooirit
