2644 3884
136 145 196 215 ,124
583 165 723 207 nncrrnr

188 378 194 391 ·
216 305 287 361 CIL.
307 308 336 362 X
354 309 425 364 3796
443 311 521 365 uidit
535 311 709 380 Mommsen,
726 314 836 370 Nissen
853 315 885 367 in
901 314 1013 368 Herme
1032 313 1046 366 I
1066 330 1094 382 p.
1109 312 1161 367 158

141 392 196 446 qur
216 394 332 434 cornua
352 383 477 436 ceruina
498 384 575 439 deae
595 386 695 439 dic-ata
716 401 782 440 esse
800 385 948 440 intellexit
1053 384 1160 438 Tifatis

141 464 240 533 supra
265 449 410 522 Capuam,
441 470 532 524 quam
556 458 715 526 regionem
740 456 859 511 Dianae
886 460 1037 510 sacratam
1066 457 1160 510 fuisse

141 526 306 590 scriptores
326 524 468 586 (Velleius
487 526 517 580 ΙΙ
536 527 571 581 25
590 528 683 582 Pane*
699 527 725 581 V
742 528 784 596 12,
802 529 830 592 3)
850 543 886 581 ac
905 527 983 581 tituli
1002 531 1160 591 testantur,

140 607 226 646 nunc
244 593 372 665 Neapoli
528 614 651 652 carmen
670 600 759 652 tertio
779 599 901 653 saeculo
923 614 985 652 non
1005 598 1160 667 antiquius
1272 618 1281 631 ·

142 679 211 749 esse
231 680 271 719 ex
290 669 371 738 signi
389 669 408 721 i.
427 670 571 723 uocabuli
592 671 822 740 cognominisue
841 685 878 723 ac
898 670 1028 723 nominis
1042 684 1161 738 compo·

142 740 254 791 srtrone
265 754 295 792 u.
306 739 323 793 5
333 745 469 810 apparet,
484 755 575 809 quarn
588 745 656 809 post
666 740 880 795 Minervinium
891 741 1029 810 aliosque
1040 739 1162 793 Momm·

142 822 236 861 senus
255 810 287 863 in
305 810 417 865 Herme
438 812 455 863 l.
475 827 497 865 s.
518 812 692 881 explicauit.
727 813 859 866 labentis
884 813 993 866 aetatis
1016 811 1161 865 indicium
1204 852 1209 858 .

142 880 237 933 etiam
256 884 346 936 antea
366 899 420 951 pro
439 882 561 949 dactylo
582 884 713 952 positum
731 899 761 937 u.
780 883 797 937 6

216 951 475 1007 2debuitLaioa
495 953 578 1017 (Hor.
599 970 688 1008 carm.
709 954 784 1021 131,
805 954 858 1019 18).
895 955 927 1006 in
946 953 1048 1007 similis
1068 967 1160 1032 argu·
1267 944 1272 953 '
1319 918 1320 927 ἵ

143 1024 239 1076 menti
258 1026 392 1078 carmine
410 1024 520 1079 ficticio
541 1025 698 1089 (Muratori
711 1024 754 1093 54,
768 1024 795 1090 4)
812 1022 944 1079 Latonia
957 1025 1065 1078 sancta
1078 1038 1162 1076 ucra-

141 1110 183 1164 90
302 1096 391 1150 (illoc
409 1096 491 1149 idem
509 1097 594 1151 ualet
614 1097 696 1166 quod
715 1098 775 1151 tale
886 1096 1043 1149 ‘ldubitat
1063 1094 1162 1149 Nisse-

144 1180 203 1218 nus
223 1180 263 1219 an
283 1168 377 1235 possit
394 1167 520 1221 umbrae
539 1169 609 1237 legi,
630 1173 663 1222 ut
682 1184 836 1222 ramosum
856 1172 949 1236 caput
968 1167 1070 1220 arbori
1084 1181 1166 1219 coms

144 1240 271 1307 paretur
290 1238 460 1291 umbrosae.
489 1240 543 1293 sed
562 1237 680 1294 umbris
700 1245 816 1294 certum
836 1254 902 1293 esse
922 1239 964 1291 ait
984 1237 1118 1292 Momms

181 1312 250 1377 post
268 1310 285 1363 ‘l
305 1324 413 1363 uersus
432 1312 552 1379 periere
571 1311 631 1365 duo
730 1311 764 1364 10
782 1308 840 1364 nti
852 1310 999 1363 Momms:
1019 1324 1072 1362 um
1084 1308 1163 1362 Niss.

625 1490 689 1554 257

641 1631 672 1697 A

348 1806 355 1820 .
448 1758 533 1824 huo?
623 1808 630 1823 .

248 1885 344 1930 .ma
367 1886 425 1950 per
448 1871 560 1950 gentes
623 1915 630 1930 .
723 1914 730 1929 .
824 1912 831 1928 .

249 2019 256 2034 .
291 1970 370 2036 mihi
393 1972 522 2055 roganti
545 1994 576 2036 m
624 2021 631 2036 .
725 2020 732 2035 .
825 2020 832 2034 .

249 2126 256 2141 .
329 2099 359 2143 ,ιι
384 2084 499 2144 cuncta
522 2079 582 2143 uiri
623 2127 630 2142 .
723 2126 730 2141 .
823 2125 831 2141 .

327 2234 334 2249 .
402 2205 450 2250 ‚eo
474 2182 631 2249 redund.
723 2232 731 2247 .
825 2231 832 2246 .

639 2309 672 2371 Β

350 2483 357 2499 .
405 2434 509 2499 ocossi
531 2453 632 2497 num.
725 2480 732 2495 .
825 2479 832 2494 .

350 2589 357 2605 .
405 2539 557 2605 cohorte
580 2539 630 2604 h.
724 2587 730 2601 .
824 2585 831 2601 .

351 2696 358 2711 .
428 2644 558 2731 d]noum
582 2665 630 2710 e.
725 2693 732 2708 .
826 2692 833 2708 .

451 2801 458 2817 .
506 2751 560 2817 ofa
622 2801 629 2816 .
723 2799 730 2816 .
825 2800 832 2815 .

648 2873 676 2943 0

351 3052 361 3068 .
428 3007 503 3067 cant
527 3006 559 3066 et
581 3001 658 3065 flum
725 3050 732 3065 .
826 3050 833 3064 .

351 3158 358 3175 .
427 3130 465 3173 ns
488 3108 584 3192 plena
607 3129 644 3172 ru
726 3157 733 3171 .
827 3156 834 3171 .

221 3285 292 3342 CIL.
307 3286 336 3340 II
354 3286 453 3358 suppl.
465 3285 544 3354 6333,
563 3286 643 3339 misit
663 3285 734 3337 mihi
745 3284 891 3338 Huebner
992 3284 1167 3352 fragmenta

147 3358 208 3413 tria
230 3359 322 3412 unius
344 3364 379 3413 ut
402 3358 526 3412 uidetur
548 3356 679 3411 tabellae
702 3361 825 3425 reperta
845 3355 878 3408 in
895 3354 1056 3409 Lusitania
1082 3352 1167 3423 apud

147 3431 257 3484 fanum
276 3429 325 3484 dei
343 3430 533 3484 Endouellici
552 3427 635 3493 (CIL.
649 3427 678 3480 II
698 3426 749 3480 rai
760 3426 819 3494 ss).
847 3427 966 3481 litterae
985 3440 1047 3479 non
1065 3425 1167 3479 bonae

149 3502 265 3556 saeculi
284 3501 314 3554 II
332 3502 384 3557 uel
402 3500 454 3554 ΙΙΙ.
485 3500 637 3554 dedicatio
659 3499 758 3551 militis
777 3497 927 3568 promoti?

222 3571 250 3627 A
268 3573 285 3627 3
303 3574 336 3627 in
357 3569 434 3627 mihi
452 3569 465 3624 i
484 3572 634 3642 posterior
653 3584 746 3640 super
765 3569 870 3623 addita
976 3566 993 3622 5
1014 3582 1054 3620 an
1073 3564 1148 3635 cp?
