2644 3884
578 196 766 237 HEIXAMEITRI

639 362 705 427 253

161 483 323 568 Pan]thea
347 485 505 568 cornigeri
531 486 631 551 sacris
655 486 807 553 adiuncta
830 488 996 571 Tonantis,

159 590 257 675 unae
280 591 414 676 Libycis
437 592 621 675 Maurisque
645 592 738 658 simul
762 593 957 659 uenerabilis
980 597 1044 660 oris
1130 624 1133 630 ’

162 698 223 782 his]
248 698 345 763 etiam
370 699 484 764 colitur
508 699 636 783 te[m]is,
661 720 756 782 quam
780 701 925 785 Iuppiter
948 702 1107 766 Hammon

164 805 257 889 inter]
282 812 449 887 utrumque
473 805 579 890 tatius]
603 805 769 890 m[e]diam
794 828 866 873 cum
888 808 965 873 Dite
989 829 1101 874 seuero

134 912 292 996 edentier
315 911 392 977 sede
416 912 512 995 tegit:
537 913 621 977 hanc
644 912 889 998 p[u]luinaribus
912 914 986 979 altis

162 1019 364 1103 sublimi]que
388 1018 476 1084 dIcat
499 1019 579 1084 solio
604 1019 759 1102 diuosque
783 1020 959 1102 frequentis

163 1126 380 1211 Gargil]ianus
404 1148 424 1190 a
446 1125 568 1191 militiis
592 1124 633 1205 de
656 1127 778 1210 supiice
801 1133 877 1193 uoto

159 1235 255 1317 signa
279 1232 384 1316 deum]
408 1232 493 1298 facie
517 1253 674 1299 renouans
698 1223 922 1317 dominamque
946 1235 1122 1300 biformem.

233 1410 344 1464 Renier
357 1412 446 1465 inser.
457 1409 559 1479 Alger.
573 1410 644 1465 3573
663 1412 715 1480 qui
734 1416 825 1481 rupta
845 1413 997 1478 conexuit,
1016 1412 1179 1481 absumpta

162 1483 277 1544 reiecit,
302 1484 363 1535 iam
386 1484 519 1536 maxima
543 1497 613 1550 pars
630 1483 755 1551 periisse
774 1483 905 1551 uidetur,
926 1483 998 1538 CIL.
1018 1482 1088 1537 VIII
1107 1484 1178 1538 9018

251 1553 367 1607 Aueiae
387 1555 419 1606 in
436 1553 635 1607 Mauretania.
662 1556 702 1606 ·in
722 1554 829 1608 dextro
849 1555 944 1608 latere
964 1556 1108 1609 inferiore
1127 1554 1178 1608 ad-

159 1626 308 1694 scriptum
327 1623 515 1692 ded(icatnm
534 1626 627 1689 abac)
643 1623 848 1693 pdoainciae)
869 1626 978 1680 CCVII
993 1625 1025 1678 id
1045 1631 1089 1679 est
1109 1642 1178 1680 cum

162 1699 277 1767 primus
301 1697 480 1764 prouinciae
506 1711 604 1749 annus
624 1696 717 1749 fuerit
741 1712 839 1750 annus
860 1695 968 1750 Christi
986 1696 1022 1750 40
1041 1697 1178 1759 (Henzen

160 1768 212 1823 Or.
231 1766 346 1835 53373.)
367 1782 447 1820 anno
468 1766 534 1821 Chr.
554 1766 615 1820 246.
653 1782 746 1821 uersu
770 1767 787 1822 5
810 1765 883 1838 teqit
905 1769 937 1820 in
957 1782 1085 1821 caesura
1111 1784 1178 1838 pro·

161 1840 247 1893 ducit
266 1838 400 1902 alteram,
421 1838 436 1891 I
456 1854 475 1891 a
494 1839 525 1890 in
544 1838 675 1891 t'ormula
696 1840 857 1907 corripitur

235 1909 249 1962 1
269 1910 406 1963 Paatbea
425 1910 532 1978 scripsi
550 1914 584 1962 ut
603 1909 708 1962 titulus
719 1908 933 1963 Hennenianus
953 1908 1023 1963 5948
1042 1911 1097 1964 deo
1115 1926 1179 1963 aaa·

158 1996 222 2054 qao
236 1981 371 2034 Pantheo
391 1981 509 2033 dicatus
529 1985 582 2046 est,
601 1981 673 2033 item
684 1979 847 2034 Froehner.
861 1980 977 2034 Anthea
987 1980 1098 2035 Renier
1111 1997 1178 2051 pro-

162 2057 315 2124 posuerat.
343 2052 466 2105 uidetur
487 2056 588 2105 autem
608 2051 764 2120 designari
778 2051 836 2105 dea
854 2053 944 2121 uirgo
966 2053 1104 2107 caelestis
1123 2067 1179 2121 per

162 2124 297 2180 Africam
325 2124 456 2176 maxime
483 2123 637 2176 celebrata
660 2125 700 2185 (n.
721 2122 748 2186 2)
773 2138 841 2176 cum
865 2123 984 2177 Iunone
1014 2128 1043 2177 et
1069 2123 1178 2178 Cerere

161 2195 290 2250 confusa
309 2196 413 2262 itaque
426 2194 508 2247 Iouis
528 2195 611 2248 socia
630 2193 755 2247 acDitis
774 2195 802 2258 (3
812 2198 853 2261 3.),
874 2194 981 2248 eadem
1000 2196 1064 2248 sIne
1084 2195 1176 2248 dubio

160 2263 289 2322 domiuo
308 2263 451 2333 biformis
471 2265 518 2333 (8).
551 2266 601 2318 alii
620 2264 746 2318 Aueiae·
760 2266 838 2318 tituli
861 2266 998 2334 inscripti
1018 2270 1088 2319 sunt
1107 2266 1178 2318 Plu-

162 2335 237 2401 toat',
259 2334 368 2406 cyriae
388 2338 416 2390 et
436 2334 537 2390 Cereri
557 2334 652 2390 matri
671 2336 794 2403 (Renier
813 2336 882 2390 3581
902 2335 995 2402 3576).
1096 2336 1113 2390 6
1132 2352 1178 2389 or·

160 2411 327 2476 aatamquc
358 2408 441 2477 legat
469 2409 518 2461 cui
541 2407 684 2461 uideatur
709 2407 860 2461 adiutorio
885 2407 981 2462 uerbo
1007 2422 1084 2475 opus
1111 2422 1178 2461 esse

162 2480 245 2534 unde
263 2476 484 2546 puluinaribus
504 2483 533 2532 et
551 2476 627 2532 actio
647 2478 801 2547 pendeant
917 2478 934 2531 7
953 2492 1064 2531 nomen
1083 2479 1178 2532 incer-

160 2558 235 2606 tum.
275 2566 295 2603 a
318 2547 439 2604 militiis
464 2550 574 2603 dicitur
598 2550 764 2603 honoratus
783 2549 889 2602 militia
908 2550 1041 2617 equestri
1060 2550 1178 2618 praeic-

161 2627 269 2677 cturae
289 2622 421 2675 cohortis
439 2626 493 2674 aut
511 2622 685 2675 tribunatus
829 2620 846 2674 8
864 2635 1013 2674 renouant
1031 2621 1108 2690 lapis
1127 2621 1178 2674 ha·

161 2694 265 2748 buisse
284 2692 414 2746 traditur
433 2708 453 2745 a
472 2695 502 2746 et
520 2708 551 2744 m
569 2693 648 2745 inter
667 2706 699 2745 se
719 2693 853 2758 conexis,
877 2691 908 2744 id
927 2707 1028 2760 neque
1047 2696 1093 2746 est
1111 2707 1179 2745 uer·

161 2766 234 2819 bum
254 2779 354 2832 neque
372 2764 544 2817 testimonio
558 2763 610 2816 tali
623 2764 772 2831 probatur
785 2764 886 2816 fuisse.
911 2778 1085 2817 marmorea
1096 2760 1179 2830 facie

158 2837 291 2890 renouat
301 2834 412 2888 Renier
425 2834 553 2888 coniecit
567 2849 646 2902 quae
662 2836 850 2888 reserrentur
869 2834 909 2887 ad
929 2831 1020 2887 diuos
1036 2834 1179 2903 frequen·

159 2905 210 2972 tis,
230 2906 308 2960 male
327 2911 428 2959 autem
448 2906 492 2959 sic
510 2906 679 2958 intericitur
699 2906 750 2974 qui
776 2911 843 2974 post
869 2906 941 2974 poni
961 2905 1092 2959 debebat
1111 2920 1179 2958 uer·

160 2994 214 3033 sus
235 2979 259 3031 7.
288 2978 392 3045 itaque
412 2976 649 3030 construendum
668 2982 713 3030 est
732 2977 811 3030 banc
830 2973 979 3044 diuosque
998 2974 1081 3029 dicat
1103 2976 1178 3029 Car·

159 3047 309 3120 qilioenuS.
348 3063 405 3101 nec
429 3063 503 3101 uero
530 3048 618 3116 signa
642 3048 764 3116 integra
791 3053 820 3101 et
845 3060 928 3100 noua
951 3046 1108 3100 tribunum
1136 3046 1179 3099 di·

161 3136 249 3174 casse
268 3119 340 3172 inde
359 3119 490 3172 efficitur
509 3119 562 3173 sed
579 3122 757 3171 ornamenta
776 3122 895 3171 tanturn
914 3117 1122 3186 puluinarium
1141 3132 1178 3170 ac

160 3192 230 3246 solii
259 3191 369 3259 quibus
393 3189 560 3244 Pantheam
589 3204 825 3258 consessumque
854 3189 980 3242 deorum
1009 3188 1177 3253 decoraret,

160 3263 267 3316 ultImo
289 3267 391 3315 autem
409 3277 503 3315 uersu
519 3260 591 3314 addi
610 3264 684 3328 puto
705 3262 826 3330 signum
836 3259 990 3313 Pentheae
1011 3260 1050 3313 ab
1070 3259 1179 3313 eodem

160 3348 230 3388 esse
249 3337 439 3387 renouatum.
470 3332 552 3401 quod
571 3332 596 3384 si
614 3332 714 3384 minus
735 3332 891 3400 probatur,
912 3330 988 3384 haee
1006 3331 1058 3384 uia
1078 3332 1177 3400 ingre·

161 3404 276 3458 dienda
300 3408 345 3458 est
368 3408 402 3457 ut
421 3407 562 3472 separato
589 3417 607 3454 a
631 3403 840 3471 superioribus
865 3401 967 3454 infimo
991 3417 1085 3456 uersu
1108 3402 1179 3455 scri·

162 3476 271 3528 bamus
288 3472 373 3544 filius
391 3475 445 3529 hoa
462 3472 544 3542 facie
563 3475 692 3527 renouat
707 3478 760 3527 aut
777 3473 832 3527 bos
844 3469 912 3526 nati
924 3474 1084 3538 receerunt,
1104 3473 1179 3527 deos

162 3552 194 3600 et
212 3546 365 3599 dominam
384 3547 543 3601 biformem
