2648 3886
592 168 733 213 phorm

633 333 699 399 658

156 456 220 522 Hic
243 457 353 523 titulus
375 458 466 541 pueri
491 476 583 523 casos
606 456 760 523 describit
783 458 919 541 iniquos.

157 563 353 629 Dalmatium
377 565 481 647 querit
504 570 596 649 pater
620 585 713 647 quem
737 566 805 631 sine
829 572 930 630 matre
953 564 1075 629 nutriit.

157 668 260 735 duleis
282 670 387 735 infans
410 671 490 736 obiit
512 670 673 754 modicaq.
696 670 766 737 nita
788 670 925 757 peregit.

156 796 334 843 nouennem
357 796 489 861 puerum
513 778 628 862 cripuit
652 798 724 843 cum
747 778 933 860 mensib(us)
958 783 1031 843 octo

133 890 190 950 set
213 883 283 949 dies
304 883 384 948 XVI
407 883 548 966 quiblus)
572 884 767 969 superfuisse
790 884 929 950 uidetur.

227 1059 314 1114 Rossi
332 1061 421 1114 inser.
441 1061 541 1114 christ.
563 1060 648 1116 Rom.
667 1061 682 1115 Ι
699 1078 728 1131 p.
742 1061 785 1129 56,
798 1062 834 1115 82
853 1062 905 1130 qui
925 1061 1064 1131 depinxit

156 1132 188 1184 in
208 1132 355 1185 coenobio
375 1129 403 1186 S.
417 1129 576 1186 Laurentii
594 1133 626 1185 in
645 1148 722 1201 agro
734 1132 854 1187 Verane
875 1132 1051 1201 operculum
1070 1147 1170 1186 sarco·

157 1203 250 1272 phagi
268 1202 429 1256 marmorei
530 1204 734 1272 subscriptum
752 1201 930 1272 deplosituc)
950 1203 1017 1257 XII
1030 1203 1090 1256 kal.
1110 1202 1168 1256 Iul.

157 1271 299 1327 Amantio
320 1289 379 1327 cos.
398 1273 430 1326 id
449 1276 494 1327 est
513 1289 594 1328 anno
613 1274 666 1329 345

227 1344 245 1397 2
262 1345 398 1411 nutriuit,
419 1345 457 1398 cf.
476 1343 562 1412 croc
665 1344 683 1398 4
702 1361 782 1400 mors
799 1343 926 1414 eripuit:
945 1345 1103 1400 reticentia
1122 1359 1171 1399 ca-

157 1414 226 1468 dem
246 1430 339 1485 supra
357 1415 444 1480 563,a

629 1540 695 1606 659

156 1664 251 1728 Felix
273 1665 343 1729 uita
365 1663 438 1747 uiri,
461 1664 586 1730 felicior
608 1667 714 1731 exitus
737 1667 816 1749 ipse.

157 1770 270 1836 Oaiani
293 1789 418 1855 semper
442 1772 558 1837 crescit
580 1792 640 1857 per
662 1772 792 1838 saecula
814 1791 939 1853 nomen,

156 1879 259 1943 nescit
282 1878 369 1943 fama
392 1879 472 1943 mori
496 1877 552 1944 sed
576 1899 703 1963 semper
724 1878 806 1944 uibit
829 1879 956 1961 ubique.

156 1982 289 2049 aduenit
311 1984 429 2069 hospes
451 1986 601 2070 princeps
624 1985 788 2051 Romanus
810 1986 844 2049 in
866 1985 987 2068 urbem,

15 2146 17 2167 f
134 2092 210 2174 aqui
233 2090 294 2156 fuit
317 2090 371 2156 hic
393 2090 529 2175 primum
552 2091 631 2158 iuris
654 2092 815 2158 consultor
839 2091 969 2157 amicus.

226 2267 314 2321 Rossi
332 2268 420 2321 inser.
440 2268 540 2321 christ.
560 2267 644 2322 Rom.
664 2267 678 2320 Ι
697 2267 740 2335 64,
760 2268 811 2321 101
920 2268 1043 2322 deloco
1062 2283 1172 2337 parum

156 2340 300 2393 conuenit
318 2340 398 2393 inter
417 2344 547 2405 ueteres,
566 2340 598 2392 in
617 2337 646 2394 S.
666 2337 833 2394 Saluatoris
853 2338 891 2393 dc
912 2338 1063 2408 Cupellis?

156 2410 360 2478 subscriptum
384 2408 512 2480 quiescit
538 2408 572 2463 ic
597 2425 706 2477 paoem
735 2408 891 2479 depositos
919 2408 1001 2464 diem
1023 2411 1170 2479 quartum

155 2496 254 2535 nonus
273 2480 429 2550 Aepuctas
448 2479 560 2536 Flauio
587 2480 714 2549 Filippo
737 2484 764 2535 et
782 2479 895 2536 Flauio
914 2480 1016 2536 Sallen
1040 2477 1170 2535 conculi-

156 2552 229 2606 buc:
244 2555 337 2620 pater
355 2550 519 2607 Sabostius
537 2550 618 2622 fecit.
652 2568 751 2607 annus
771 2558 816 2607 est
835 2552 888 2607 343

226 2623 244 2676 3
262 2625 378 2677 crescat
396 2639 515 2691 semper
527 2623 661 2693 Pighius,
681 2622 794 2679 Gruter
813 2624 921 2691 lisze
1000 2623 1018 2677 3
1037 2623 1074 2676 cf.
1085 2621 1169 2689 618,1

225 2694 244 2746 4
262 2693 412 2762 producta
432 2698 477 2748 est
495 2700 566 2749 ante
583 2695 603 2748 Ιι
623 2694 741 2764 syllaba
857 2709 1006 2750 romnus
1020 2690 1170 2763 princepe

155 2763 309 2818 Manutius
329 2766 411 2833 qnod
430 2766 558 2819 forsitan
577 2766 628 2819 alii
651 2768 796 2820 mutarint
816 2767 902 2821 metri
921 2765 1030 2835 gratia.
1067 2764 1170 2833 cogita

157 2834 388 2890 Constantinum
406 2836 555 2906 hospitem
574 2836 688 2892 Romae
708 2852 734 2890 a.
752 2836 805 2890 326
884 2837 902 2891 5
921 2833 975 2907 qui
994 2835 1117 2890 datiuus
1136 2839 1171 2889 ut

157 2906 299 2972 6014111
318 2922 411 2976 saepe
518 2907 674 2963 consultus
693 2923 773 2962 unns
791 2907 918 2978 Pighius

629 3104 695 3167 660

158 3227 274 3293 Tristis
297 3226 467 3293 Anastasio
492 3227 692 3311 Oons[tantia
715 3226 856 3293 earmina
880 3228 991 3293 scribit

158 3333 306 3415 coniunx,
331 3334 385 3416 qui
409 3334 512 3399 lucem
535 3333 688 3418 tlcnebris
710 3332 847 3399 mutauit
870 3333 998 3399 amaria.

157 3438 226 3503 uita
250 3446 363 3521 quater
386 3438 477 3506 denis
501 3447 534 3507 et
557 3440 709 3531 q[uinque
732 3440 825 3507 annis
848 3440 919 3524 fuit,
943 3439 1026 3506 eheu

158 3562 252 3625 quam
276 3544 340 3610 cito
364 3546 562 3630 praerept[us
585 3545 725 3613 dilectae
747 3546 856 3612 uxoris
879 3547 990 3629 amori,
