2648 3886
484 145 488 153 '
557 167 747 207 nnxnmnrai

115 312 399 399 seontemptisque
422 312 495 380 aliis
517 334 569 379 me
592 313 681 380 dieto
704 316 772 381 iure
795 323 907 382 secuta
930 337 975 383 es.

144 440 216 486 eum
238 425 272 485 te
295 439 376 504 pura
399 419 512 486 domus
535 422 671 504 quaerit,
695 421 757 487 seit
778 422 911 507 publiea
933 423 1021 490 fama

143 534 176 593 et
198 526 315 612 probat
338 527 572 593 omnebonum
595 527 656 593 soli
679 547 825 594 seruasse
846 531 973 596 marito.

143 655 162 700 ο
185 633 284 700 durus
305 640 425 720 raptor,
449 653 534 700 mors
556 635 702 720 inproba.
738 635 794 700 uix
816 635 895 700 mihi
917 642 1024 703 teeum

143 742 271 807 conubii
295 746 405 825 gratas
427 740 519 807 licuit
542 742 737 826 coniungere
759 742 883 826 taedas,

104 875 132 915 ιο
141 847 230 933 inpia
253 867 467 933 praepropero
491 846 559 913 uidi
582 853 639 914 tua
662 849 731 915 fata
754 848 875 923 dolore.

179 1081 182 1085 ,
212 1024 331 1080 Notitie
348 1024 375 1078 d.
389 1026 474 1078 seavi
487 1025 558 1079 1888
571 1041 599 1094 p.
611 1025 665 1080 449
678 1041 706 1078 n.
716 1025 753 1079 40
772 1025 867 1080 deser.
877 1024 968 1094 Gatti,
988 1031 1057 1081 aeta
1070 1027 1157 1082 asad.

141 1097 231 1151 inser.
241 1094 377 1150 Gallicae
390 1096 461 1150 1888
473 1112 500 1164 p.
511 1096 564 1150 365
643 1096 759 1153 Romae
771 1098 803 1150 in
816 1099 997 1152 coemeterio
1012 1099 1157 1155 basilicae

141 1165 170 1222 S.
180 1167 333 1222 Valentini
345 1168 399 1221 uia
408 1166 555 1221 Flaminia
568 1168 600 1220 in
613 1183 686 1221 area
698 1183 869 1222 marmorea
951 1170 1158 1238 subscriptum

141 1239 191 1292 m.
212 1238 354 1293 Crescens
375 1235 491 1292 Aciliae
509 1237 685 1293 Baebiaaae
708 1236 905 1294 dulcissimae
927 1240 1028 1310 adque
1052 1257 1159 1296 amaa·

140 1306 278 1364 tissimae
297 1307 422 1379 emiuqi
439 1309 639 1364 hemmerami
658 1308 693 1364 ia
707 1325 786 1379 paee
805 1325 883 1391 quae
901 1309 984 1365 aierit
996 1326 1096 1367 annos
1109 1312 1158 1366 de-

139 1396 204 1435 cem
223 1383 251 1435 et
269 1382 381 1449 septem
404 1382 432 1434 et
454 1380 610 1436 mensibus
633 1397 752 1450 aoaem,
780 1382 888 1437 diebus
906 1381 1056 1450 tredecim,
1083 1380 1159 1453 feeit

142 1467 210 1506 eam
226 1449 339 1506 marito
358 1467 476 1506 uanam
489 1454 517 1506 et
528 1455 688 1518 merram,
708 1451 871 1522 dep(osita)
886 1452 978 1509 VIIH
992 1454 1052 1507 irat.
1063 1454 1157 1510 Mart.

146 1521 358 1578 Valentiniano
377 1525 404 1577 et
427 1524 547 1579 Valente
564 1524 662 1595 Auqq.
682 1522 814 1590 itemum)
833 1539 930 1580 conss.
950 1539 1031 1580 anno
1050 1525 1104 1581 368

620 1721 685 1786 653

139 1844 225 1910 Cara
247 1845 302 1928 pia
326 1845 442 1910 coniux
465 1845 573 1929 Yguia
596 1843 771 1928 deditaque
794 1846 919 1929 marita,

140 1949 260 2015 funeris
283 1950 330 2014 tui
354 1955 543 2015 causatore
565 1970 624 2015 nos
647 1956 754 2015 mente
777 1949 932 2017 delemus.

141 2054 856 2145 aeternamquedomumOsmienusAmantius
864 2055 978 2141 paraui
988 2056 1155 2139 nobisque.

140 2163 309 2245 sanctique
332 2162 379 2227 tui
401 2182 511 2228 manes
534 2161 627 2228 nobis
649 2164 831 2247 petentibus
854 2162 972 2246 adsint,

115 2279 177 2338 sut
199 2289 324 2354 semper
346 2269 545 2352 libenterque
567 2269 685 2335 salmas
708 2270 831 2353 tibique
855 2268 1011 2335 dieamus.

212 2444 324 2501 Gruter
341 2446 419 2513 1061,
434 2447 451 2500 7
471 2447 510 2500 ‘in
523 2448 592 2501 uico
607 2444 635 2501 S.
649 2445 769 2501 Gemini
782 2447 814 2500 in
824 2446 949 2500 Vmbria
961 2445 1155 2501 IahMetellus

139 2517 225 2571 uidit’
310 2532 453 2572 numeros
466 2517 636 2572 inconditos
650 2522 796 2571 secuntur
808 2518 897 2571 haee:
916 2516 1042 2571 Aurelia
1058 2514 1155 2587 Yquia

139 2603 198 2658 qae
216 2587 299 2642 aierit
317 2587 410 2642 anais
429 2588 616 2644 XXXVIIII
630 2603 724 2643 mens.
744 2588 814 2641 IIII
830 2588 858 2642 d.
878 2588 918 2654 II,
939 2585 1067 2642 iurauit
1086 2603 1156 2643 eum

138 2656 252 2713 marito
272 2657 365 2713 anais
382 2659 510 2712 XXIIII
524 2674 619 2715 mens.
631 2660 701 2713 IIII
719 2659 748 2713 d.
762 2660 802 2728 II,
822 2656 983 2728 dep(osita]
1003 2658 1053 2714 die
1094 2657 1155 2713 rid.

139 2730 200 2784 kal.
218 2727 323 2784 Maias
346 2727 559 2785 Valentiniano
577 2733 605 2785 et
627 2732 747 2786 Veiente
765 2731 863 2801 Auqq.
883 2730 952 2783 IIII
967 2746 1048 2785 anno
1067 2674 1121 2786 573

197 2801 227 2925 ll
248 2816 303 2870 pro
328 2798 423 2869 Xqia?
524 2802 542 2855 3
562 2816 752 2857 communem
769 2803 825 2856 tibi
840 2803 991 2870 nobisque
1100 2800 1155 2855 51.

140 2887 273 2942 psamos

614 2999 682 3064 654

140 3123 229 3189 Inter
251 3143 329 3189 auos
352 3142 553 3209 pisanosque
574 3129 647 3188 tuos
669 3128 878 3205 sanctumque
901 3126 1067 3205 parentem

95 3277 102 3288 .
138 3207 293 3294 uirtutum
315 3229 439 3295 meritis
462 3235 494 3295 et
517 3229 690 3295 honoribus
714 3228 882 3311 emicuisti,

138 3342 360 3401 ornamentum
382 3336 496 3419 ingens
518 3336 646 3420 generis
668 3336 841 3419 magnique
863 3341 1005 3419 senatus,

141 3441 198 3508 sed
221 3449 333 3529 raptus
354 3463 492 3528 propere
515 3443 647 3527 liquisti,
671 3448 783 3510 sanate
805 3443 954 3527 Kameni,

119 3554 289 3615 saetemos
311 3548 405 3616 fletus
428 3550 540 3617 obiens
562 3550 763 3617 iuuenalibus
785 3551 887 3616 annis.
