2646 3884
146 131 184 187 42
612 148 702 188 rrum

635 295 675 360 81

148 416 176 483 0
200 423 322 499 quanta
344 417 449 503 pietas
472 419 577 485 fuerat
601 421 633 484 in
656 420 719 485 hta
742 419 971 503 adulescentia,

147 522 228 589 fides
252 545 340 589 amor
362 546 474 592 sensus
496 526 600 612 pudor
623 532 655 592 et
677 526 841 592 sanctitas.

147 630 224 698 Noli
248 630 367 715 dolere,
392 634 506 717 amica,
531 639 679 699 euentum
703 653 824 699 meum:

148 740 334 822 properauit
357 746 458 823 aetas,
482 739 544 804 hoc
568 738 658 805 dedit
681 740 780 805 Fatus
803 739 891 804 mihi.

220 879 292 936 CIL.
313 882 354 937 VI
371 882 450 936 4379.
487 880 549 935 AL.
568 881 734 935 Burmanni
753 881 795 936 IV
813 882 855 949 71,
874 881 989 950 Meyeri
1009 881 1078 934 1215

148 951 263 1006 Romae
289 955 321 1007 in
346 957 541 1007 monumento
565 954 699 1007 familiae
719 952 892 1008 Germanici
910 953 960 1006 uei
979 951 1024 1005 Ti.
1044 950 1162 1007 Claudii

149 1028 257 1093 postea
277 1023 410 1095 Augusti
428 1025 509 1091 facti,
531 1025 621 1093 periit
752 1026 972 1093 praescriptum
994 1020 1102 1078 Clodia
1120 1021 1165 1076 M.

148 1094 168 1147 l.
187 1094 336 1149 Secunda.
369 1096 508 1165 exemplo
527 1096 620 1149 iambi
639 1096 727 1149 inere
745 1097 920 1165 graecanici

222 1167 233 1218 1
256 1182 365 1220 uersus
384 1167 517 1236 postulat
534 1165 598 1235 fuit
615 1164 650 1220 iu
668 1167 725 1221 bac
744 1167 878 1220 aetatula
898 1171 951 1220 aut
967 1165 1073 1235 fuerat
1091 1163 1165 1224 leuia

144 1237 301 1304 puellulae
410 1238 427 1292 2
451 1239 556 1292 debuit
575 1252 642 1291 esse
662 1253 829 1308 sensusque
848 1238 899 1292 uel
913 1237 1079 1307 pudorque

148 1309 166 1360 3
185 1322 207 1361 s.
227 1309 392 1376 respondet
410 1313 530 1363 mortua
550 1309 671 1376 dolenti,
692 1310 898 1377 compluribus
917 1310 993 1362 haec
1011 1308 1162 1362 sententia

148 1381 352 1433 monumentis
369 1381 515 1449 inscripta
532 1394 610 1448 quae
629 1396 700 1434 mox
720 1380 870 1446 indicabo,
890 1379 1058 1449 principale
1074 1381 1106 1432 in
1124 1393 1164 1433 ea

149 1463 260 1503 nomen
280 1451 338 1504 fuit
355 1452 454 1505 mater

635 1559 677 1623 82

148 1683 275 1767 Hospes
298 1682 411 1749 resiste
435 1689 467 1748 et
489 1684 644 1749 tumulum
669 1684 849 1769 contempla
872 1703 986 1765 meum,

147 1788 285 1873 moratre
307 1789 472 1873 gressu]m,
496 1790 621 1855 litteras
642 1789 780 1874 nos[tras
803 1790 886 1874 lege.

149 1895 266 1962 mando
290 1903 322 1961 et
345 1903 375 1962 st
402 1945 555 1963 .....
579 1897 700 1962 salter
748 1946 755 1962 .
826 1946 833 1961 .
904 1946 911 1961 .

150 2052 622 2068 ......
679 2004 823 2088 legem.
893 2052 901 2067 .

124 2133 157 2174 a.
244 2115 348 2175 .tus
372 2110 470 2193 aliqui
524 2160 530 2175 .
616 2160 623 2174 .
708 2160 716 2173 .
800 2109 889 2174 facit.

149 2217 276 2282 titulum
298 2216 422 2281 intuere
445 2217 608 2301 seriptum,
633 2236 695 2298 quo
719 2216 786 2281 fato
810 2214 925 2281 occidi.

148 2342 274 2391 rumore
297 2330 409 2388 sancto
433 2323 543 2407 Ilyriei
565 2323 657 2392 iaceo
680 2322 714 2387 in
737 2323 816 2388 solo.

148 2428 281 2495 infunde
303 2430 472 2513 lacrumas,
497 2431 641 2512 quisquis
664 2449 708 2511 es,
734 2429 822 2513 [mihi
856 2427 1047 2494 misericors,

148 2543 257 2601 aetate
281 2535 419 2620 [cuneta]
444 2537 630 2602 ceciderunt
651 2556 775 2602 mecum
800 2535 912 2619 [breui.

108 2641 262 2726 raaelquo
287 2644 392 2708 animo
416 2644 490 2708 uiue
513 2643 612 2708 uitam
638 2642 766 2727 [quoad]
791 2642 860 2708 fieri
883 2643 1001 2728 [potest

222 2890 295 2946 CIL.
309 2891 352 2944 ΙΙΙ
366 2890 437 2945 6416
545 2906 641 2960 prope
650 2890 787 2945 Burnum
801 2892 971 2946 Delmatiae
989 2892 1165 2961 fragmenta

152 2962 241 3016 simul
265 2962 376 3017 effossa
400 2967 430 3017 et
455 2969 490 3016 ut
513 2964 681 3032 scripturae
701 2963 862 3016 similitudo
882 2964 1031 3030 metrique
1049 2961 1165 3016 indicat

150 3034 222 3088 olim
246 3035 451 3114 cohaerentia
577 3034 733 3104 praecedit
758 3035 792 3087 P.
812 3032 975 3101 Fauuiuls]
1002 3030 1071 3086 Ani.
1099 3030 1166 3087 Cre·

148 3120 263 3189 meula)
274 3137 318 3191 eq.
331 3123 386 3192 lep.
400 3124 450 3175 XI
464 3139 514 3176 au.
528 3123 637 3176 XXIX
646 3121 717 3192 stip.
730 3124 795 3177 XII
798 3142 809 3176 .-
827 3122 897 3186 huc)
910 3121 1011 3187 stitus)
1025 3122 1090 3186 elst)
1101 3121 1126 3190 f.
1137 3121 1165 3189 f.

144 3208 213 3262 pos.
233 3193 275 3256 (id
298 3200 344 3247 est
362 3193 546 3248 Mommseno
566 3195 731 3263 interprete
753 3191 812 3263 filit
833 3193 943 3263 filiaeq.
960 3207 1091 3260 posuere
1109 3197 1165 3245 aut
1225 3262 1228 3267 Δ

146 3264 248 3332 frater
264 3263 362 3333 fratri
381 3263 506 3333 posuit).
541 3264 692 3334 Augustei
715 3267 780 3319 fere
806 3267 875 3319 aeui
894 3263 1014 3318 titulum
1033 3278 1099 3317 esse
1118 3278 1167 3316 ar·

148 3336 252 3401 bitror,
275 3341 356 3390 certe
375 3344 446 3391 ante
465 3336 623 3391 Claudiurn
648 3338 793 3405 scriptum
812 3337 865 3405 qui
889 3335 1004 3404 legioni
1023 3349 1104 3388 anno
1127 3333 1166 3387 42

148 3422 295 3533 gpprgssa
325 3405 516 3462 Scriboniani
548 3407 697 3462 seditione
724 3408 845 3476 Illyrica
874 3420 1045 3476 cognomen
1080 3404 1165 3459 dedit

184 3493 295 3532 au1ae

221 3551 237 3603 1
256 3552 299 3605 sic
312 3566 367 3620 pro
381 3551 582 3619 contemplare
596 3551 713 3620 antiqui
729 3549 813 3603 baud
828 3562 898 3602 raro
914 3547 1020 3602 dixere
1036 3547 1165 3612 (Nonius
