2644 3884
589 165 751 206 rraconem
1131 154 1188 210 107

162 328 227 366 non
247 311 327 365 cadit
346 312 377 364 in
398 325 463 363 eam
484 316 615 365 aetatem
635 327 696 380 qua
714 313 816 382 uiguit
837 314 1013 384 uolucripes
1033 314 1187 379 dimetriar

165 384 315 438 oratorias
335 382 473 450 argutias
493 397 628 451 agnosco

235 456 307 508 item
327 454 379 520 qui
393 453 512 507 dimetri
526 454 670 508 incohant
684 456 852 509 orationem
864 456 954 510 Orelli
967 457 1037 511 4551
1057 472 1188 512 sacrum-

165 523 260 596 qaieti
279 522 418 591 corporis
438 525 600 579 Petronioe
621 525 818 595 Glpooaide's:
838 527 880 580 M.
899 527 1187 598 176111661161169616Φ

163 612 234 651 mus
253 593 377 664 coaiupi
397 594 537 663 optimae,
557 612 630 650 casu
649 598 751 666 potius
771 612 862 665 quam
882 600 1007 653 consilio
1023 601 1189 670 compositi

164 669 318 722 uidentur.
349 666 454 735 relege
472 669 513 721 sis
532 669 623 721 etiam
641 684 670 721 n.
690 669 741 721 211

641 830 708 894 225

380 953 521 1019 Aetema
546 953 658 1020 domus
681 955 742 1020 heo
766 961 825 1039 est,

379 1080 513 1146 pausum
536 1061 656 1126 laboris
680 1061 733 1126 hic
757 1069 816 1145 est,

379 1166 503 1250 aliquid
526 1169 698 1233 memoriae
720 1169 783 1234 hoo
807 1174 866 1234 cst.

236 1327 348 1382 Renier
373 1328 462 1381 inser.
482 1324 551 1396 Alg.
570 1327 649 1394 4099,
686 1326 757 1381 CIL.
777 1327 848 1382 VIII
866 1328 937 1383 4447
963 1330 1089 1386 contulit
1111 1330 1188 1385 Wil-

163 1413 273 1452 manns
374 1399 458 1467 apud
476 1397 698 1453 Lamasbenses
711 1398 880 1454 Numidiae.
909 1402 1131 1470 praescrIptum
1151 1402 1182 1455 d.

165 1470 208 1523 M.
227 1485 261 1535 a,
289 1470 493 1539 subscriptum
516 1469 547 1532 Q.
568 1468 715 1529 Fonteius
737 1470 928 1525 Saturninus
953 1488 984 1526 se
1008 1470 1082 1526 aiae
1107 1470 1188 1542 fecit

165 1542 193 1594 et
208 1538 372 1594 dedicauit.
401 1541 522 1594 dimetri
535 1546 605 1595 sunt
619 1542 787 1596 catalectici
800 1543 851 1597 uel
864 1545 1062 1598 anacreontei
1075 1560 1187 1599 accen*

165 1616 215 1666 tus
234 1612 357 1666 modulo
378 1614 479 1666 exacti
968 1616 971 1621 '

236 1682 373 1751 2poaso
392 1683 532 1737 crebrum
557 1683 640 1763 apud
663 1685 779 1753 priscos
799 1688 829 1739 61
847 1682 1018 1753 Africanos,
1043 1700 1188 1754 pausam

164 1754 330 1824 siugulare.
356 1755 473 1823 paulas
492 1768 613 1823 requies
632 1755 783 1823 glossaria
803 1756 954 1824 quaedam

638 1916 704 1979 226

376 2041 460 2106 Iulia
482 2037 594 2127 Pieriis
618 2039 801 2129 obstetrix!

377 2148 430 2212 hio
453 2147 540 2212 iacet
560 2145 564 2232 Ι
584 2147 662 2212 nulli
685 2145 812 2235 graluis.

234 2324 362 2378 Hettner
380 2340 513 2379 monum.
533 2324 624 2393 lapid.
636 2324 760 2379 Treuer.
775 2342 803 2394 p.
817 2325 960 2379 7811150
1036 2326 1185 2381 Treueris

162 2397 307 2450 inuentus
327 2397 433 2465 cippus
547 2398 665 2462 ληκύθια
688 2396 748 2449 duo
768 2400 846 2461 sunt,
867 2403 949 2450 certe
968 2399 1119 2466 posterius
1139 2398 1183 2451 ad

163 2482 306 2521 numeros
327 2468 472 2521 consertis
492 2468 595 2521 uerbis
609 2483 647 2521 ex
661 2467 818 2521 industria.
847 2468 896 2521 hie
915 2469 1004 2536 posui
1023 2473 1182 2537 tamquam

164 2539 327 2606 acephalos
351 2538 495 2592 dimetros
519 2545 641 2593 secutus
661 2538 879 2592 Terentianum
897 2538 1038 2592 Maurum
1056 2539 1127 2594 2458
1149 2545 1185 2593 et

164 2624 286 2663 carmen
304 2611 445 2678 superius
464 2610 525 2675 917,
545 2626 556 2662 1

226 2681 250 2741 ,1
271 2679 404 2734 obsetra'oo
424 2681 554 2750 lapicida
573 2683 703 2750 primum
722 2682 765 2734 sic
783 2685 817 2734 ut
836 2681 947 2752 uolgus
965 2683 1184 2750 pronuntiasse

162 2752 242 2806 tituli
262 2751 443 2820 codicesque
464 2752 678 2820 demonstrant,
699 2757 763 2806 tum
782 2753 857 2806 obst-

562 2916 777 2924 ι----

633 3040 697 3104 221

161 3156 361 3226 Memnonem
385 3167 476 3226 uates
500 3181 652 3227 canorum
675 3164 833 3229 Maximus
857 3163 1003 3229 Statilius

161 3266 253 3332 audit
276 3275 309 3332 61
333 3267 432 3333 donat
455 3289 598 3351 camena,
622 3290 713 3335 musa
735 3292 808 3335 nam
833 3270 923 3336 cordi
946 3270 1025 3337 deis¹

161 3444 252 3510 Meas
275 3466 402 3530 quoque
425 3451 511 3514 auris
534 3448 712 3514 Memnonis
734 3470 798 3514 uox
822 3449 959 3514 accidit:

160 3570 276 3616 nomen
300 3554 382 3618 cieto
407 3554 542 3637 quisque
566 3561 671 3620 uatem
695 3557 880 3621 Maximum.
