2634 3892
552 151 743 193 uuxmnrru
1105 141 1159 196 351

211 295 300 350 Rossi
319 297 410 351 inser.
430 295 531 351 christ.
549 297 634 352 Rom.
654 297 685 350 II
702 298 763 366 446,
784 298 836 352 199
854 315 893 354 ex
912 299 1051 356 PSabino

139 366 255 422 Romae
268 369 326 422 fuit
345 372 429 422 trans
441 367 584 422 Tiberim.
617 367 730 443 Sabino
743 386 877 441 mapalis
889 372 948 425 ui
966 387 1077 428 nomen
1091 389 1158 430 esse

139 437 234 494 Instei
252 441 409 508 proprium
427 440 529 494 uisum
548 445 593 495 est
613 440 701 510 isque
720 440 851 512 Magnus
873 444 979 497 consul
999 445 1063 499 ord.
1083 447 1157 499 anni

138 510 201 577 460,
230 515 262 563 at
290 525 413 565 carmen
437 512 544 580 utique
566 512 730 581 antiquius,
754 513 837 567 hune
864 515 966 569 uirum
995 517 1156 586 egregium

140 581 242 636 adhuc
259 582 438 650 ignoramus

210 651 228 706 5
246 651 280 706 V.
299 651 375 708 Aen.
394 653 437 708 IX
456 653 491 706 14
509 651 543 708 in
562 654 680 709 caelum
696 653 830 723 paribus
848 671 879 710 se
902 655 1028 710 sustulit
1046 656 1106 713 alis

175 723 210 776 10
234 724 271 777 cf.
295 723 437 793 Nymphii
461 725 596 795 elogium
619 725 805 780 Tolosanum
828 724 889 780 AL.
914 726 1007 782 Riesii
1035 729 1155 796 722,19

134 809 241 865 parua
260 793 322 863 tibi,
336 793 458 863 coniux,
477 795 585 866 mapai
603 795 719 852 solacia
737 799 837 853 luctus
855 798 937 852 hunc
955 799 1067 854 tumuli
1085 799 1122 855 tit
1144 830 1155 840 -

137 865 203 921 turn
220 870 337 921 maesta
356 866 471 923 Serena
491 866 581 923 dr'cat.
609 870 708 923 fertur
727 868 839 924 solatia

611 1011 676 1075 735

136 1115 200 1183 Hic
223 1117 338 1182 Festus
362 1117 457 1199 iacet,
482 1116 679 1200 eognoso[ite
702 1117 828 1200 fratres,

139 1242 233 1306 quem
257 1244 400 1308 puerum,
425 1223 589 1305 Ohr(ist)e‚
613 1225 762 1290 monuisti
785 1224 946 1310 [spernere
969 1226 1132 1293 mundum.

135 1350 195 1415 pro
218 1331 341 1394 meritis
364 1328 461 1394 eredo
485 1332 561 1412 quia
584 1329 710 1414 sa[ncta
732 1332 804 1397 luce
827 1331 959 1397 fruetur.

136 1435 187 1502 bis
210 1435 375 1502 duodenos
397 1435 535 1502 necdum
559 1438 776 1524 conple[ue1·at
799 1459 909 1505 anuos.

113 1545 305 1628 scouposuit
328 1564 437 1609 uersos
459 1543 653 1628 Maroianlus
700 1595 708 1610 .
757 1594 764 1610 .
813 1596 820 1611 .
868 1596 876 1610 .

208 1701 296 1756 Rossi
319 1702 390 1756 bull.
416 1704 496 1756 arch.
522 1705 600 1757 crist.
625 1705 694 1758 1875
717 1721 746 1774 p.
764 1704 799 1759 48
828 1706 915 1759 cuius
938 1707 1150 1776 supplementa

138 1774 267 1843 adposui
390 1776 422 1826 in
440 1773 613 1829 Domitillae
632 1774 813 1830 coemeterio
833 1782 972 1845 repertus
991 1778 1068 1846 lapis
1086 1794 1150 1832 una

138 1859 207 1898 cum
226 1847 428 1899 monumentis
447 1861 597 1900 annorum
616 1846 667 1899 361
688 1846 740 1900 367
759 1847 820 1900 392.
852 1852 921 1916 post
946 1863 975 1902 u.
995 1848 1012 1901 5
1038 1848 1151 1918 legitur

137 1913 317 1985 depositus)
336 1917 356 1968 I
371 1915 442 1970 idas
453 1956 459 1969 .
472 1957 495 1970 ..
513 1918 517 1983 Ι
534 1916 588 1986 qui
606 1915 689 1971 uixit
707 1934 779 1971 aaa.
799 1918 912 1971 XXIII
927 1921 1007 1972 61...

209 1987 224 2039 1
244 1988 412 2056 pleniorem
430 1989 552 2055 requiro
573 2003 704 2055 uersum,
724 1989 814 2057 *fidus
837 1988 955 2044 amicus
977 1992 1050 2059 sim,
1078 1992 1152 2046 uide

136 2058 198 2125 670,
212 2072 225 2110 a
244 2061 274 2111 et
292 2059 352 2124 671,
365 2075 379 2112 4
451 2059 468 2112 3
487 2059 621 2126 saltuum
634 2074 798 2129 surpere...
812 2062 932 2130 scripsit
941 2061 1065 2115 Rossius
1079 2064 1152 2131 quia

135 2129 169 2182 in
189 2127 313 2183 Damasi
332 2130 485 2199 epitaphio
506 2130 675 2199 quodcum
696 2133 753 2185 iste
772 2132 829 2185 sub
852 2131 944 2185 finem
968 2134 1069 2201 quarti
1088 2149 1152 2188 sae·

137 2200 198 2254 culi
226 2205 289 2253 tum
313 2205 383 2269 post
405 2201 456 2254 alii
481 2202 590 2254 imitati
613 2206 714 2256 essent
738 2203 837 2265 (inser.
862 2202 1151 2272 annalistam

136 2282 246 2326 uersus
263 2272 387 2325 ultimus
407 2276 452 2326 est
466 2273 540 2342 post
558 2271 674 2327 eineres
686 2273 859 2328 Damasum
875 2272 970 2342 faetet
992 2271 1067 2344 qaia
1086 2290 1152 2330 sur·

136 2356 206 2412 pere
227 2344 323 2398 credo.
354 2342 448 2396 malui
467 2344 607 2413 equidem
627 2345 705 2398 iuste
725 2344 907 2398 concludere
927 2348 1095 2400 orationem

605 2488 669 2552 736

136 2592 221 2658 Prae
244 2595 368 2658 cunetis
391 2593 505 2678 opibus
528 2593 655 2659 laudem
679 2595 820 2659 seruauit
843 2594 968 2660 honesti

137 2698 262 2765 iustitia
285 2701 406 2783 pietate
429 2699 493 2764 fide
515 2699 687 2785 prudentia
710 2701 822 2767 sollers

137 2811 250 2872 sancta
273 2804 392 2890 pudica
415 2805 533 2872 decens
555 2808 610 2872 uni
634 2807 753 2873 deuota
775 2807 901 2873 marito.

138 2914 228 2980 cuius
251 2914 292 2978 ab
317 2933 433 2978 occasu
456 2913 555 2979 uincli
578 2920 707 2999 pertcsa
730 2915 848 2998 iugalis

113 3024 211 3086 noeto
235 3026 268 3085 et
290 3021 453 3101 hi(s)senis
475 3020 574 3085 uidua
597 3021 771 3106 permansit
793 3022 827 3086 in
849 3023 950 3087 annis.

136 3131 284 3215 natorum
308 3141 417 3191 curam
440 3127 519 3191 miro
543 3129 688 3212 suspexit
711 3147 829 3193 amore.

208 3266 297 3321 Rossi
314 3269 404 3321 inser.
425 3268 524 3321 christ.
544 3268 628 3322 Rom.
647 3268 677 3322 Il
695 3268 756 3336 447,
776 3269 829 3323 200
848 3284 887 3323 ex
906 3268 1019 3324 Sabino
1119 3274 1152 3326 in

139 3335 168 3393 S.
187 3336 343 3392 Pancratii
361 3339 483 3393 Romae.
515 3341 719 3419 subscriptum
737 3338 821 3394 uicit
839 3357 911 3394 aaa.
932 3342 1050 3397 LXVII
1066 3359 1106 3398 m.
1129 3345 1157 3398 V

136 3408 169 3471 d,
188 3408 318 3477 XVIIII,
338 3408 499 3478 demerita)
523 3411 616 3466 VIIII
630 3412 673 3464 td.
695 3411 792 3466 Octob.
813 3410 945 3466 Sabinus
964 3415 1151 3484 epitaphium

135 3477 325 3535 Prudentiae
342 3485 500 3535 matronae
520 3482 604 3549 dixit,
626 3482 796 3535 adsentitur
814 3482 940 3537 Rossius
963 3484 1001 3537 ob
1021 3491 1151 3539 metrum

137 3550 195 3605 u.2
217 3555 247 3605 et
266 3553 338 3620 quia
356 3568 468 3606 nomen
488 3553 651 3608 defunctae
670 3553 869 3607 desideratur.
897 3554 955 3608 hoc
973 3556 1072 3623 potuit
1086 3571 1152 3610 esse
