2646 3884
139 150 176 206 24
602 167 693 206 raum

210 314 293 365 eerte
313 325 436 365 carmen
455 317 500 366 est
519 310 591 367 CIL.
606 312 646 366 IV
666 312 736 366 1322
755 313 809 367 sed
827 314 944 368 ineerta
963 316 1030 370 eius
1048 315 1150 369 lectio:

139 396 294 466 reptamus,
323 381 425 463 Delos,
452 399 574 508 α11ἵμνα
593 382 732 469 incenato
760 382 819 439 iter
837 400 895 455 ego
916 400 955 439 ex
974 385 1035 440 tab.
1054 385 1097 453 21,
1115 384 1151 439 28

140 453 331 522 exp1scabar,
350 455 493 509 cacurabc
506 456 565 509 ater
584 454 682 509 editor

624 634 667 698 47

140 756 320 823 Ascensum
343 760 397 842 qui
421 758 562 844 pedicat,
586 758 649 824 urit
672 758 858 823 mentulam.

213 915 284 972 CIL.
304 916 345 972 IV
368 917 446 984 1882,
475 916 622 972 Garruoci
650 918 738 988 grati.
762 915 826 971 As
993 930 1154 970 accensum

141 988 320 1059 ambiguum
339 988 515 1058 significans
535 988 674 1042 ardorem
694 988 780 1042 uelut
799 989 864 1042 irae
877 992 907 1041 et
921 987 1050 1042 officium
1064 986 1154 1041 ciuile

625 1167 668 1231 48

141 1290 192 1356 Tu
215 1292 269 1373 qui
292 1291 455 1357 lucernam
479 1290 605 1375 cogitas
629 1289 817 1372 accendere,

142 1395 274 1480 callens]
299 1395 392 1462 adest
416 1418 452 1463 os
500 1446 507 1461 .
555 1446 563 1460 .
611 1447 618 1462 .

213 1571 285 1628 CIL.
305 1572 346 1627 IV
365 1573 433 1627 1941
534 1574 566 1627 in
585 1573 709 1627 basilica
728 1573 915 1643 Pompeiana

212 1643 230 1697 2
247 1644 302 1699 cal.
314 1685 320 1698 .
333 1684 339 1697 .
350 1645 436 1699 adast
455 1648 538 1698 certo
558 1644 629 1698 mihi
648 1645 750 1714 legere
769 1644 879 1698 uideor
890 1645 922 1697 in
935 1643 1040 1697 tabula
1053 1643 1095 1710 23,
1110 1643 1154 1695 11.

142 1719 210 1785 post
237 1731 271 1770 os
299 1716 387 1769 nimis
416 1715 528 1769 dubiae
557 1716 683 1783 litterae,
712 1716 743 1768 in
769 1715 829 1769 fine
852 1713 909 1769 tibi
928 1714 1154 1782 Zangemeister

143 1787 278 1854 coniecit,
306 1787 406 1841 media
429 1787 561 1856 uestigia
589 1787 680 1840 etiam
708 1788 739 1840 iu
761 1784 888 1854 almarus
907 1786 1073 1840 conuenire
1093 1786 1154 1854 opi·

142 1857 248 1911 nabar.
277 1859 385 1911 similia
412 1858 450 1912 de
474 1858 595 1911 flamma
615 1864 645 1911 et
664 1858 811 1912 incendiis
831 1858 942 1912 amoris
960 1857 992 1910 iu
1012 1856 1080 1911 odei
1103 1871 1155 1926 pa·

142 1929 217 1983 riete
237 1930 349 1998 scripta.
368 1934 578 1998 proponentur
597 1929 678 1982 infra

627 2108 671 2174 49

143 2230 220 2297 Seni
243 2232 356 2317 supino
381 2232 463 2298 colel
486 2231 592 2296 culum
616 2238 738 2315 tegunt.

213 2406 290 2462 Acta
307 2408 375 2462 inst.
395 2408 543 2463 arehaeol.
564 2408 647 2462 Rom.
668 2409 738 2463 1875
762 2426 791 2478 p.
812 2408 862 2462 191
1014 2406 1154 2475 Pompeis

142 2479 175 2532 in
193 2480 317 2548 pariete.
355 2480 537 2548 principium
556 2480 700 2534 uersiculi
719 2476 912 2547 11111111ρὶ11
925 2479 1068 2532 iteratum
1081 2477 1155 2547 legi·

143 2553 194 2604 tur
212 2550 324 2604 ibidem
459 2551 527 2604 colli
545 2551 683 2619 traditur,
709 2552 896 2605 correximus
914 2550 980 2618 ipse
1000 2553 1030 2603 et
1048 2548 1155 2603 Rohde

142 2620 175 2674 in
186 2619 374 2675 Fleckeiseni
387 2637 456 2676 aun.
472 2622 542 2676 1880
551 2638 579 2691 p.
590 2622 650 2676 656.
665 2623 741 2676 colei
754 2621 962 2676 fortitudinem
976 2622 1155 2690 animosque

143 2692 241 2746 solent
260 2691 406 2747 denotare
424 2693 570 2760 uirorum,
599 2694 628 2746 hi
648 2708 752 2747 senem
771 2698 801 2748 et
819 2691 992 2759 λακκοσχέαν
1016 2696 1156 2746 tutantur

144 2777 164 2816 a
182 2763 407 2833 philopygistis:
426 2764 504 2818 salse
524 2764 637 2817 dietum
656 2765 689 2817 in
707 2764 827 2818 uetulos
847 2764 990 2818 cinaedos

630 2942 674 3009 50

215 3064 330 3121 Romae
356 3068 388 3121 in
415 3067 554 3122 Palatino
583 3070 614 3123 iu
642 3068 799 3138 parietinis
823 3066 981 3137 Caligulae
1010 3065 1156 3119 eruerunt

145 3138 279 3207 mihique
299 3140 458 3208 exscripsit
477 3136 613 3193 GKaibel
633 3140 689 3194 hoc
709 3139 822 3192 dietum

251 3209 386 3262 mentula
404 3207 526 3264 cessas?
542 3224 642 3278 carpo
660 3210 777 3263 lumbos
797 3205 930 3264 abstulit.

145 3281 229 3350 prior
241 3295 313 3349 pars
325 3280 493 3335 hexametri
508 3280 674 3340 clausulam
687 3281 829 3346 imitatur,
840 3278 989 3349 posterior
1002 3278 1157 3332 senarium

216 3351 357 3420 Pompeis
377 3351 449 3407 CIL.
468 3351 509 3406 IV
530 3352 598 3406 1869
619 3355 718 3421 potest
736 3352 875 3405 senarius
893 3350 988 3403 fuisse

248 3423 414 3492 wolcoldo
433 3438 573 3477 seruam:
593 3438 661 3477 oum
679 3422 771 3488 uoles,
790 3419 836 3476 ati
854 3419 923 3475 licet

147 3492 265 3548 dubitat
284 3498 386 3549 tamen
405 3495 629 3564 Zangemeister
657 3509 781 3548 seruam
799 3508 872 3548 num
891 3496 974 3546 recte
993 3490 1154 3559 scripserit,

146 3578 236 3632 posse
254 3566 316 3636 legi
335 3564 468 3622 11111111
488 3566 536 3619 uel
555 3564 690 3620 sciscam
