2650 3882
168 158 220 213 226
603 160 741 212 oncrum

169 320 314 414 coniugis
327 319 479 401 obsequio
489 318 604 383 meruit
616 315 619 405 1
632 318 666 383 in
676 339 806 384 munere
818 319 947 384 functae
959 318 1162 403 sephulcrum
1174 315 1178 406 1

145 424 301 508 udignum
323 445 382 509 pro
406 424 528 490 meritis
551 446 571 490 a
595 425 731 509 coniuge
754 431 913 490 amantem
934 422 938 511 1

168 532 350 617 perciperet
372 532 497 596 titulum
521 551 578 596 suo
599 533 727 597 nomine
750 537 882 597 testans.
904 529 907 617 1

168 658 219 704 me
232 639 392 704 Germana
409 644 496 703 creat
512 638 606 703 tellus
622 659 781 723 myseram
801 636 805 724 1
827 658 920 722 quem
943 659 1027 705 nuno
1049 638 1103 705 hic
1120 640 1182 706 Fa-

829 746 884 811 bia
906 751 993 811 terra
1015 745 1107 829 tegit.
1129 744 1133 833 1

168 871 252 916 nunc
267 872 357 934 rogo,
382 851 410 916 si
426 851 531 917 colitis
543 851 663 934 Mance,
682 852 788 916 cuncti
808 848 812 937 1
833 872 905 917 meo
921 853 1040 917 nomini
1057 858 1181 918 tantum

169 963 256 1022 terra
279 957 350 1021 leue
374 957 503 1040 optetis.
525 954 529 1038 1
550 957 642 1022 uobis
664 976 747 1022 nuno
772 955 818 1021 dii
842 956 969 1022 fortuna
992 958 1120 1024 beatam
1141 956 1145 1045 1

133 1070 201 1130 ruet
229 1084 354 1148 semper
382 1063 596 1145 ho(n0)ratam
625 1069 789 1148 praestent
810 1061 814 1151 1
835 1084 891 1129 suo
914 1066 1042 1130 numine
1068 1074 1181 1132 sancto

169 1280 209 1325 ex
233 1279 297 1343 qua
319 1259 449 1344 possitis
473 1259 553 1324 obiti
577 1261 658 1324 bene
681 1260 825 1342 linquere
848 1172 1105 1326 natosollbentes
1128 1170 1132 1258 1

243 1419 315 1476 CIL.
334 1420 375 1474 VI
394 1420 464 1474 3452
484 1420 643 1489 descripsit
660 1419 814 1475 Bormann
919 1420 1034 1475 Rornae
1052 1422 1084 1474 in
1102 1421 1182 1474 aedi-

171 1494 229 1546 bus
249 1491 455 1555 Quirinalibus
474 1490 719 1555 Barberinorum‚
740 1507 779 1545 ex
798 1492 917 1547 schedis
935 1491 1109 1547 Barberinis
1128 1492 1183 1546 Fa·

170 1565 262 1617 bretti
279 1562 340 1627 283,
359 1562 412 1616 784
431 1566 592 1630 acceperat
610 1564 752 1632 princeps
771 1562 869 1616 editor
977 1563 1133 1633 praecedit
1152 1564 1182 1616 d.

172 1635 214 1687 M.
233 1633 403 1701 insequitur
422 1633 464 1686 M.
483 1632 583 1686 Aurei.
608 1630 792 1688 Dioscentus
816 1635 1004 1699 nederonus)
1028 1633 1181 1702 Au9(nsti)

170 1703 292 1772 n(ostra'l
312 1719 381 1758 cnm
396 1703 521 1757 MAur.
532 1700 734 1759 Antiochiano
751 1704 837 1774 fidio)
857 1704 982 1773 ooninqi
1000 1704 1182 1774 inconpara-

170 1774 227 1830 oili
245 1776 271 1829 b.
284 1791 323 1829 nc.
335 1774 359 1843 s.
373 1790 397 1829 c.
424 1776 597 1844 paucissimi
610 1790 719 1829 uersus
738 1776 876 1830 modulos
889 1777 1014 1845 implent
1032 1777 1183 1846 legitimos

244 1847 258 1899 1
278 1847 336 1900 huc
355 1844 416 1900 sito
430 1847 473 1899 sic
491 1851 526 1898 ut
540 1844 646 1914 posita
664 1845 698 1900 in
717 1849 840 1913 terram,
859 1847 979 1901 soloece
998 1863 1053 1916 pro
1072 1846 1129 1911 bie,
1147 1845 1183 1901 in

172 1921 255 1972 terro
355 1917 372 1970 2
391 1919 498 1971 saneto
516 1933 531 1970 o
550 1919 634 1971 custo
654 1917 774 1972 diuisim
794 1919 906 1983 tabula,
927 1920 1034 1972 sancto
1053 1921 1081 1972 et
1099 1919 1184 1971 costo

171 1988 335 2042 Henzenus
355 1987 457 2042 edidit.
486 1990 594 2042 saneto
614 1989 690 2058 rides
709 1987 824 2058 Vergili
848 1995 878 2043 et
896 1989 974 2042 Enni
996 1989 1086 2043 dictio
1111 1989 1184 2042 mihi

172 2060 221 2112 hic
239 2060 384 2128 genetiuo
404 2073 477 2113 casu
497 2059 597 2113 efferri
616 2060 739 2114 uidetur
864 2060 881 2113 3
900 2058 996 2114 cubile
1015 2061 1086 2113 fecit
1104 2060 1183 2113 Hen-

173 2145 229 2184 zen
250 2146 313 2183 nou
337 2135 435 2184 recte:
464 2130 557 2183 filiurn
580 2132 664 2199 prius
690 2136 852 2200 pepererat
875 2131 982 2185 mulier
1001 2130 1184 2200 reliquitque

172 2202 347 2254 memoriam
367 2202 503 2270 coniugii
621 2201 639 2254 4
661 2203 697 2256 es.
716 2201 777 2268 429,
796 2217 818 2254 4.
847 2202 972 2271 functae
991 2203 1119 2256 relatum
1136 2207 1184 2256 est

173 2272 213 2325 ad
232 2269 380 2342 concupis,
401 2274 498 2340 potuit
515 2271 625 2340 functa
730 2271 784 2325 bi.
804 2277 933 2339 amante,
952 2278 987 2326 ut
1005 2281 1079 2342 puto

173 2341 364 2412 dpercipere
383 2345 411 2396 et
429 2342 554 2396 Henzen
573 2347 695 2412 praeter
714 2345 925 2398 necessitatem
1061 2345 1076 2398 7
1096 2358 1184 2413 quone

173 2416 296 2484 generis
323 2415 498 2481 communie,
526 2415 563 2467 cl.
581 2414 643 2467 442.
680 2413 776 2468 Fabia
799 2419 881 2468 terra
903 2413 1087 2469 Mommseuo
1111 2416 1184 2468 urbs

172 2486 269 2539 Roma
289 2485 348 2538 dici
371 2485 494 2539 uidetur
514 2485 601 2554 quasi
626 2484 779 2554 adscripta
802 2486 860 2539 illis
883 2485 1070 2555 temporibus
1092 2485 1186 2538 tribui

172 2555 294 2610 Fabiae.
323 2571 382 2625 ego
402 2557 518 2610 haesito
538 2572 578 2609 an
589 2556 774 2619 Quirinalem
788 2556 893 2610 collem
909 2557 1083 2626 intellegam
1102 2560 1135 2609 ut
1153 2557 1185 2608 in

174 2642 234 2696 quo
255 2631 334 2680 stata
353 2627 448 2680 fuisse
469 2642 557 2680 sacru
577 2629 661 2696 genti
680 2626 794 2681 Fabiae
812 2626 919 2681 Liuius
939 2627 1050 2694 V46,2
1072 2627 1185 2681 referat

173 2702 204 2751 et
223 2698 362 2765 proxima
381 2702 500 2766 portam
515 2697 669 2764 Collinam,
691 2698 852 2752 deliberari
871 2703 1015 2768 poterunt
1028 2699 1120 2752 etiarn
1129 2697 1186 2751 Pli-

172 2769 265 2821 niana
284 2767 371 2820 XXII
391 2768 425 2821 10
533 2769 597 2822 8ss.
617 2769 689 2823 uide
712 2768 794 2838 quod
815 2770 979 2838 praeposui
1001 2770 1186 2823 centurionis

174 2853 297 2893 carmen
316 2839 334 2892 8
353 2839 436 2908 qnod
450 2841 521 2906 peto
541 2854 602 2908 eqs.
712 2840 746 2893 10
764 2841 905 2893 boratarn
924 2839 1055 2909 lapicida

648 3001 713 3065 477

173 3124 222 3188 Te
245 3144 334 3207 rogo,
359 3125 556 3208 praeteriens
579 3123 632 3189 fac
652 3122 657 3209 1
677 3145 766 3190 mora
790 3129 823 3189 et
844 3125 976 3210 perlege
1000 3144 1111 3191 uersus

175 3249 253 3311 quos
277 3250 338 3313 ego
360 3228 364 3315 1
386 3229 507 3295 diotaui
531 3237 562 3296 et
585 3232 663 3296 iussi
686 3231 826 3296 scribere
850 3231 1019 3314 quendam.
1041 3230 1046 3317 1

175 3340 224 3399 est
235 3334 314 3400 mihi
326 3341 412 3400 terra
424 3336 504 3402 leuis
516 3337 639 3420 merito,
652 3335 710 3402 sed
723 3336 854 3420 quiesco
867 3335 870 3425 1
883 3357 1040 3403 marmore
1051 3338 1189 3404 clausus.

175 3441 311 3506 reddedi
335 3441 525 3528 depositum,
547 3441 551 3529 1
573 3444 720 3528 coaglaui
744 3464 870 3530 semper
893 3446 1023 3529 amicos,

150 3547 290 3614 snullius
314 3547 473 3614 thalamos
493 3546 498 3633 1
519 3550 656 3633 turboni,
679 3571 773 3617 nemo
797 3558 955 3633 queretur.
