2650 3882
582 136 771 176 naxamnrnr
1132 122 1185 178 183

244 281 316 338 CIL.
329 281 370 337 VI
382 281 470 336 23295
490 282 648 352 descripsit
660 282 795 348 Hennen,
814 282 961 337 Muratori
975 283 1052 350 1383,
1067 283 1092 336 1.
1123 282 1185 338 AL.

174 349 339 407 Burmanni
357 352 398 407 IV
417 353 477 420 176,
497 352 695 421 Meyeri1474
802 353 917 408 Romae
934 355 966 407 in
984 369 1089 409 museo
1101 353 1186 424 Capi-

15 422 16 425 ’
73 464 75 469 s
174 422 267 476 tolino
289 425 395 479 tabula
417 439 588 479 marmorea
606 425 687 478 infra
710 426 836 479 effracta
962 427 1118 496 praecedit
1138 426 1185 480 olle

174 493 320 548 Manibus
333 494 398 565 pilo
420 495 577 562 s(aorrtm).
613 495 642 551 0.
664 494 810 550 Octauius
828 496 947 550 Memor
967 495 1110 551 Octauiae
1128 498 1186 552 Ne-

175 563 258 619 omui
277 565 399 638 oooluyo'
418 566 571 635 libertaeq.

245 638 264 690 4
281 638 325 691 sie
338 638 463 693 Henzen
482 654 520 694 ex
540 653 703 693 marmore:
722 636 807 693 Ditis
823 636 1042 708 placidamque
1058 637 1186 693 Bonada

175 709 228 776 qui
246 709 278 762 iu
298 707 315 762 5
333 712 367 764 ut
380 709 479 764 amica
493 707 569 779 pius
588 710 671 764 dedit
770 710 788 765 5
806 710 897 764 finem
916 711 1051 779 expleuit
1059 709 1187 765 Bonada

175 784 356 849 sextumque
380 782 565 835 uersiculum
589 782 676 835 euius
699 779 845 849 reliquiae
865 782 965 835 minus
988 787 1071 835 recte
1089 782 1187 836 lectae

172 854 262 990 lm
281 851 363 976 {pino
381 853 454 907 feeit
472 867 508 907 ae
526 849 610 906 siout
627 853 808 908 umbrarum
827 851 913 921 dleoa
932 854 966 906 ut
986 852 1061 921 [loca
1079 854 1187 907 sanda

190 936 285 991 reque
317 938 348 977 es

650 1032 716 1096 394

173 1154 307 1239 Inplesti
331 1157 386 1239 pia
408 1160 501 1220 uota:
524 1161 657 1240 peraeto
680 1160 824 1240 tempore
846 1156 934 1221 uitae

175 1260 253 1326 felix
277 1261 397 1345 Elysiis
420 1260 534 1326 merito
557 1261 638 1327 leuis
660 1262 774 1327 umbra
796 1263 940 1328 moraris

175 1368 344 1433 restituent
366 1387 514 1451 nomenq.
538 1374 626 1434 tuum
649 1368 830 1451 famamque
853 1373 997 1454 nepotes.

229 1525 301 1582 CIL.
321 1526 348 1580 X
369 1525 536 1609 moenium
553 1526 719 1608 Mommsen
827 1526 923 1581 Nolae
1032 1526 1188 1609 praeeedit

176 1599 224 1653 dis
243 1598 389 1652 Maaobuo
413 1598 511 1652 lullae
535 1598 700 1665 Rhodopes,
731 1597 839 1653 Castus
855 1601 948 1667 paler
970 1613 1094 1669 couroye
1113 1600 1188 1666 opio-

174 1685 242 1724 moe
261 1671 288 1723 et
309 1668 417 1725 Gustus
432 1668 516 1740 filius
537 1668 632 1724 matri
651 1667 783 1738 optimae

647 1830 713 1895 395

175 1957 300 2024 Seoreti
323 1957 435 2022 Manes
458 1955 513 2039 qui
536 1976 637 2040 regna
659 1955 837 2021 Acherusia
860 1955 945 2021 Ditis

175 2063 324 2146 incolitis,
349 2082 428 2145 quos
451 2082 552 2148 parua
574 2068 688 2147 petunt
710 2068 784 2148 post
806 2061 926 2127 lumina
948 2063 1015 2126 uite

176 2170 312 2255 exiguus
336 2168 444 2251 oin(i)s
467 2174 500 2233 et
523 2169 727 2234 simulacrum
752 2169 920 2254 eorpo(r)is
943 2169 1071 2233 umbra:

176 2278 310 2344 insontis
333 2282 431 2361 gnate
455 2276 582 2361 genitor
604 2295 661 2361 spe
685 2283 799 2361 eaptus
822 2277 932 2358 iniqua

153 2404 356 2470 ssupremum
379 2383 465 2449 hune
487 2389 563 2449 nate
586 2382 786 2449 miserandus
808 2381 912 2447 defleo
935 2381 1040 2446 finem.

248 2542 320 2600 CIL.
333 2543 389 2598 VII
401 2543 455 2597 250
467 2543 545 2596 uidit
554 2543 701 2597 Hnebner
787 2541 919 2594 Eburaoi
937 2541 969 2594 in
983 2540 1070 2609 cippo
1085 2541 1116 2593 in
1130 2554 1190 2608 quo

177 2615 270 2685 pedes
280 2615 401 2684 puellae
411 2619 583 2683 supersunt.
603 2613 823 2683 praescriptum
836 2612 874 2680 ol]
887 2612 928 2664 M.
940 2608 1068 2666 Corellio
1080 2611 1192 2680 Optata

177 2701 226 2739 ao.
247 2686 334 2750 XIII,
353 2687 557 2754 subscriptum
573 2685 610 2747 Q.
632 2683 801 2750 eol-eoliae)
821 2682 926 2737 Fortia
940 2682 1054 2763 pomer)
1071 2682 1096 2752 f.
1115 2699 1138 2737 o.

249 2758 267 2812 3
285 2755 352 2811 eiua
373 2760 403 2810 et
422 2757 517 2825 spisse
537 2757 698 2825 conligatis
717 2756 824 2809 litteris
843 2769 965 2823 corpote
987 2754 1064 2823 lapis

176 2828 195 2881 4
208 2829 320 2898 paulae
332 2824 452 2898 penitor-
466 2842 533 2879 eum
547 2829 725 2896 praesertim
739 2827 945 2895 subsequatur
960 2827 1051 2878 uotae
1064 2839 1103 2879 ex
1117 2824 1192 2877 anti-

178 2901 285 2969 quiora
310 2897 448 2968 exemplo
472 2898 595 2953 uidetur
619 2903 834 2967 propagatum,
861 2899 926 2966 ipse
951 2896 1049 2949 Fortis
1077 2909 1192 2963 suppar

177 2968 362 3040 Agricolae?
463 2983 517 3037 spe
535 2969 664 3022 multum
684 2971 791 3037 coptus
810 2966 900 3021 inani
913 2967 947 3021 V.
966 2966 1041 3020 Aen.
1060 2965 1103 3019 XI
1121 2965 1157 3018 49

650 3129 716 3194 396

177 3256 324 3321 Fatalem
348 3252 432 3318 hane
454 3253 565 3319 sedem
588 3253 754 3338 Hippolite
777 3250 868 3316 dedit
891 3252 932 3315 ob
956 3250 1111 3335 pietatem

178 3363 212 3426 in
235 3380 401 3428 commune
424 3361 485 3426 sibi
508 3366 540 3425 et
562 3365 661 3444 gnato
685 3359 925 3440 collibertoque.

250 3536 322 3593 CIL.
336 3537 407 3592 VIII
419 3537 508 3593 10533
527 3552 566 3592 ex
588 3537 692 3591 codiee
703 3535 798 3591 Vatia.
817 3535 907 3604 periit
1008 3551 1047 3591 ex
1065 3533 1193 3603 regione
