<?xml version="1.0" encoding="UTF-8"?>
<!DOCTYPE html PUBLIC "-//W3C//DTD XHTML 1.0 Transitional//EN"
    "http://www.w3.org/TR/xhtml1/DTD/xhtml1-transitional.dtd">
<html xmlns="http://www.w3.org/1999/xhtml" xml:lang="en" lang="en">
 <head>
  <title>
</title>
<meta http-equiv="Content-Type" content="text/html;charset=utf-8" />
  <meta name='ocr-system' content='tesseract 3.04.00' />
  <meta name='ocr-capabilities' content='ocr_page ocr_carea ocr_par ocr_line ocrx_word'/>
</head>
<body>
  <div class='ocr_page' id='page_1' title='image "./anthologialatin00lommgoog_0283.png"; bbox 0 0 2650 3882; ppageno 0'>
   <div class='ocr_carea' id='block_1_1' title="bbox 164 145 747 200">
    <p class='ocr_par' dir='ltr' id='par_1_1' title="bbox 164 145 747 200">
     <span class='ocr_line' id='line_1_1' title="bbox 164 145 747 200; baseline -0.005 0"><span class='ocrx_word' id='word_1_1' title='bbox 164 145 224 200; x_wconf 84' lang='grc'>222</span> <span class='ocrx_word' id='word_1_2' title='bbox 607 158 747 198; x_wconf 71' lang='lat' dir='ltr'>nacarat</span> 
     </span>
    </p>
   </div>
   <div class='ocr_carea' id='block_1_2' title="bbox 164 303 1186 1722">
    <p class='ocr_par' dir='ltr' id='par_1_2' title="bbox 168 303 1186 516">
     <span class='ocr_line' id='line_1_2' title="bbox 170 303 1186 374; baseline -0.004 -14"><span class='ocrx_word' id='word_1_3' title='bbox 170 306 278 360; x_wconf 87' lang='lat' dir='ltr'>feldio:</span> <span class='ocrx_word' id='word_1_4' title='bbox 307 306 528 374; x_wconf 79' lang='lat' dir='ltr'>semigraecam</span> <span class='ocrx_word' id='word_1_5' title='bbox 553 309 709 358; x_wconf 84' lang='lat' dir='ltr'>auctorem</span> <span class='ocrx_word' id='word_1_6' title='bbox 733 304 874 358; x_wconf 84' lang='lat' dir='ltr'>carminis</span> <span class='ocrx_word' id='word_1_7' title='bbox 894 303 1067 357; x_wconf 72' lang='lat' dir='ltr'>Hirschfeld</span> <span class='ocrx_word' id='word_1_8' title='bbox 1090 304 1186 372; x_wconf 87' lang='lat' dir='ltr'>suspi-</span> 
     </span>
     <span class='ocr_line' id='line_1_3' title="bbox 168 375 1184 444; baseline -0.002 -14"><span class='ocrx_word' id='word_1_9' title='bbox 168 381 259 430; x_wconf 89' lang='lat' dir='ltr'>catur</span> <span class='ocrx_word' id='word_1_10' title='bbox 279 378 315 430; x_wconf 86' lang='lat' dir='ltr'>cf.</span> <span class='ocrx_word' id='word_1_11' title='bbox 335 378 425 442; x_wconf 84' lang='lat' dir='ltr'>aster,</span> <span class='ocrx_word' id='word_1_12' title='bbox 444 376 464 428; x_wconf 85' lang='lat' dir='ltr'>b</span> <span class='ocrx_word' id='word_1_13' title='bbox 482 376 561 430; x_wconf 90' lang='lat' dir='ltr'>male</span> <span class='ocrx_word' id='word_1_14' title='bbox 579 376 714 429; x_wconf 84' lang='lat' dir='ltr'>additam</span> <span class='ocrx_word' id='word_1_15' title='bbox 732 375 938 444; x_wconf 80' lang='lat' dir='ltr'><strong>compluribus</strong></span> <span class='ocrx_word' id='word_1_16' title='bbox 955 375 1114 429; x_wconf 89' lang='lat' dir='ltr'>uocabulis</span> <span class='ocrx_word' id='word_1_17' title='bbox 1131 379 1184 428; x_wconf 90' lang='lat' dir='ltr'>aut</span> 
     </span>
     <span class='ocr_line' id='line_1_4' title="bbox 172 448 745 516; baseline -0.005 -14"><span class='ocrx_word' id='word_1_18' title='bbox 172 449 321 514; x_wconf 86' lang='lat' dir='ltr'>omissam,</span> <span class='ocrx_word' id='word_1_19' title='bbox 341 448 522 502; x_wconf 86' lang='lat' dir='ltr'>barbarismi</span> <span class='ocrx_word' id='word_1_20' title='bbox 541 448 745 516; x_wconf 89' lang='lat' dir='ltr'>peruicaciam</span> 
     </span>
    </p>

    <p class='ocr_par' dir='ltr' id='par_1_3' title="bbox 164 516 1184 1086">
     <span class='ocr_line' id='line_1_5' title="bbox 243 516 1184 588; baseline -0.002 -17"><span class='ocrx_word' id='word_1_21' title='bbox 243 520 259 571; x_wconf 93' lang='lat'>1</span> <span class='ocrx_word' id='word_1_22' title='bbox 284 521 359 588; x_wconf 82' lang='lat' dir='ltr'>quat</span> <span class='ocrx_word' id='word_1_23' title='bbox 382 522 427 573; x_wconf 88' lang='lat' dir='ltr'>est</span> <span class='ocrx_word' id='word_1_24' title='bbox 451 518 533 586; x_wconf 89' lang='lat' dir='ltr'>quad</span> <span class='ocrx_word' id='word_1_25' title='bbox 557 517 667 587; x_wconf 86' lang='lat' dir='ltr'>quoad,</span> <span class='ocrx_word' id='word_1_26' title='bbox 687 517 778 572; x_wconf 87' lang='lat' dir='ltr'>abeas</span> <span class='ocrx_word' id='word_1_27' title='bbox 797 517 920 571; x_wconf 74' lang='lat' dir='ltr'>habeas,</span> <span class='ocrx_word' id='word_1_28' title='bbox 952 516 1063 570; x_wconf 83' lang='lat' dir='ltr'>multos</span> <span class='ocrx_word' id='word_1_29' title='bbox 1082 531 1184 570; x_wconf 84' lang='lat' dir='ltr'>aume-</span> 
     </span>
     <span class='ocr_line' id='line_1_6' title="bbox 164 587 1184 656; baseline -0.004 -12"><span class='ocrx_word' id='word_1_30' title='bbox 164 588 258 644; x_wconf 76' lang='lat' dir='ltr'>-rabt&#39;s</span> <span class='ocrx_word' id='word_1_31' title='bbox 285 587 399 644; x_wconf 83' lang='lat' dir='ltr'>amicos</span> <span class='ocrx_word' id='word_1_32' title='bbox 418 589 545 644; x_wconf 88' lang='lat' dir='ltr'>Ouidius</span> <span class='ocrx_word' id='word_1_33' title='bbox 564 590 638 643; x_wconf 87' lang='lat' dir='ltr'>trist.</span> <span class='ocrx_word' id='word_1_34' title='bbox 652 588 731 655; x_wconf 70' lang='lat' dir='ltr'>Ias</span> <span class='ocrx_word' id='word_1_35' title='bbox 821 588 839 641; x_wconf 82' lang='lat'><strong>2</strong></span> <span class='ocrx_word' id='word_1_36' title='bbox 857 590 940 642; x_wconf 80' lang='lat' dir='ltr'>aster</span> <span class='ocrx_word' id='word_1_37' title='bbox 958 595 1081 652; x_wconf 85' lang='lat' dir='ltr'>astrum,</span> <span class='ocrx_word' id='word_1_38' title='bbox 1100 589 1184 656; x_wconf 81' lang='lat' dir='ltr'>geni-</span> 
     </span>
     <span class='ocr_line' id='line_1_7' title="bbox 170 660 1184 727; baseline -0.004 -12"><span class='ocrx_word' id='word_1_39' title='bbox 170 666 249 715; x_wconf 85' lang='lat' dir='ltr'>tura.</span> <span class='ocrx_word' id='word_1_40' title='bbox 278 663 427 715; x_wconf 86' lang='lat' dir='ltr'>incertum</span> <span class='ocrx_word' id='word_1_41' title='bbox 446 666 548 714; x_wconf 87' lang='lat' dir='ltr'>utrum</span> <span class='ocrx_word' id='word_1_42' title='bbox 568 661 658 727; x_wconf 88' lang='grc' dir='ltr'>ἀστήρ</span> <span class='ocrx_word' id='word_1_43' title='bbox 674 662 712 713; x_wconf 91' lang='lat' dir='ltr'>sit</span> <span class='ocrx_word' id='word_1_44' title='bbox 725 675 765 713; x_wconf 88' lang='lat' dir='ltr'>an</span> <span class='ocrx_word' id='word_1_45' title='bbox 778 660 871 715; x_wconf 90' lang='lat' dir='ltr'>latino</span> <span class='ocrx_word' id='word_1_46' title='bbox 884 674 969 714; x_wconf 89' lang='lat' dir='ltr'>more</span> <span class='ocrx_word' id='word_1_47' title='bbox 982 663 1131 712; x_wconf 87' lang='lat' dir='ltr'>mutatum</span> <span class='ocrx_word' id='word_1_48' title='bbox 1145 674 1184 712; x_wconf 84' lang='lat' dir='ltr'>ex</span> 
     </span>
     <span class='ocr_line' id='line_1_8' title="bbox 166 729 1184 801; baseline -0.004 -15"><span class='ocrx_word' id='word_1_49' title='bbox 166 737 253 786; x_wconf 85' lang='lat' dir='ltr'>astro</span> <span class='ocrx_word' id='word_1_50' title='bbox 274 732 322 800; x_wconf 84' lang='lat' dir='ltr'>(ci.</span> <span class='ocrx_word' id='word_1_51' title='bbox 343 747 403 801; x_wconf 90' lang='lat' dir='ltr'>qua</span> <span class='ocrx_word' id='word_1_52' title='bbox 422 732 486 785; x_wconf 81' lang='lat' dir='ltr'>falx</span> <span class='ocrx_word' id='word_1_53' title='bbox 506 737 536 785; x_wconf 90' lang='lat' dir='ltr'>et</span> <span class='ocrx_word' id='word_1_54' title='bbox 556 736 657 784; x_wconf 90' lang='lat' dir='ltr'>arater</span> <span class='ocrx_word' id='word_1_55' title='bbox 675 732 774 796; x_wconf 89' lang='lat' dir='ltr'>ierint)</span> <span class='ocrx_word' id='word_1_56' title='bbox 888 731 906 784; x_wconf 83' lang='lat'><strong>3</strong></span> <span class='ocrx_word' id='word_1_57' title='bbox 923 729 993 795; x_wconf 68' lang='lat' dir='ltr'>didi</span> <span class='ocrx_word' id='word_1_58' title='bbox 1011 729 1135 782; x_wconf 81' lang='lat' dir='ltr'>habenti</span> <span class='ocrx_word' id='word_1_59' title='bbox 1154 734 1184 783; x_wconf 90' lang='lat' dir='ltr'>et</span> 
     </span>
     <span class='ocr_line' id='line_1_9' title="bbox 170 800 1184 872; baseline -0.004 -15"><span class='ocrx_word' id='word_1_60' title='bbox 170 804 307 872; x_wconf 90' lang='lat' dir='ltr'>pascenti</span> <span class='ocrx_word' id='word_1_61' title='bbox 416 802 518 871; x_wconf 77' lang='lat' dir='ltr'>frater</span> <span class='ocrx_word' id='word_1_62' title='bbox 536 808 581 856; x_wconf 90' lang='lat' dir='ltr'>est</span> <span class='ocrx_word' id='word_1_63' title='bbox 599 803 752 872; x_wconf 83' lang='lat' dir='ltr'>parasitus</span> <span class='ocrx_word' id='word_1_64' title='bbox 777 806 811 855; x_wconf 90' lang='lat' dir='ltr'>ut</span> <span class='ocrx_word' id='word_1_65' title='bbox 833 802 916 871; x_wconf 88' lang='lat' dir='ltr'>apud</span> <span class='ocrx_word' id='word_1_66' title='bbox 935 800 1112 855; x_wconf 88' lang='lat' dir='ltr'>quenalem</span> <span class='ocrx_word' id='word_1_67' title='bbox 1134 801 1184 855; x_wconf 91' lang='lat' dir='ltr'>uel</span> 
     </span>
     <span class='ocr_line' id='line_1_10' title="bbox 165 870 1184 942; baseline -0.003 -15"><span class='ocrx_word' id='word_1_68' title='bbox 165 874 327 928; x_wconf 83' lang='lat' dir='ltr'>Palladem</span> <span class='ocrx_word' id='word_1_69' title='bbox 347 873 448 938; x_wconf 84' lang='lat' dir='ltr'>(APal.</span> <span class='ocrx_word' id='word_1_70' title='bbox 465 873 493 928; x_wconf 93' lang='lat' dir='ltr'>X</span> <span class='ocrx_word' id='word_1_71' title='bbox 506 873 553 937; x_wconf 78' lang='lat'>44)</span> <span class='ocrx_word' id='word_1_72' title='bbox 664 874 770 927; x_wconf 78' lang='lat' dir='ltr'>haeres</span> <span class='ocrx_word' id='word_1_73' title='bbox 789 874 890 942; x_wconf 90' lang='lat' dir='ltr'>potius</span> <span class='ocrx_word' id='word_1_74' title='bbox 910 888 1002 941; x_wconf 85' lang='lat' dir='ltr'>quam</span> <span class='ocrx_word' id='word_1_75' title='bbox 1021 870 1082 925; x_wconf 79' lang='lat' dir='ltr'>era&#39;s</span> <span class='ocrx_word' id='word_1_76' title='bbox 1100 871 1184 925; x_wconf 89' lang='lat' dir='ltr'>intel·</span> 
     </span>
     <span class='ocr_line' id='line_1_11' title="bbox 169 942 1184 1014; baseline -0.004 -16"><span class='ocrx_word' id='word_1_77' title='bbox 169 945 335 1014; x_wconf 83' lang='lat' dir='ltr'>legendum</span> <span class='ocrx_word' id='word_1_78' title='bbox 354 950 479 1014; x_wconf 90' lang='lat' dir='ltr'>propter</span> <span class='ocrx_word' id='word_1_79' title='bbox 497 943 579 999; x_wconf 75' lang='lat' dir='ltr'>clitro</span> <span class='ocrx_word' id='word_1_80' title='bbox 676 944 694 997; x_wconf 85' lang='lat'>4</span> <span class='ocrx_word' id='word_1_81' title='bbox 712 945 776 1013; x_wconf 84' lang='lat' dir='ltr'>a(d)</span> <span class='ocrx_word' id='word_1_82' title='bbox 796 942 885 1011; x_wconf 82' lang='lat' dir='ltr'>oliae,</span> <span class='ocrx_word' id='word_1_83' title='bbox 905 958 999 997; x_wconf 90' lang='lat' dir='ltr'>uocas</span> <span class='ocrx_word' id='word_1_84' title='bbox 1015 943 1130 996; x_wconf 84' lang='lat' dir='ltr'>auxilio</span> <span class='ocrx_word' id='word_1_85' title='bbox 1144 942 1184 995; x_wconf 88' lang='lat' dir='ltr'>ad</span> 
     </span>
     <span class='ocr_line' id='line_1_12' title="bbox 167 1012 1183 1086; baseline -0.004 -16"><span class='ocrx_word' id='word_1_86' title='bbox 167 1018 352 1086; x_wconf 81' lang='lat' dir='ltr'>asperitates</span> <span class='ocrx_word' id='word_1_87' title='bbox 370 1031 472 1070; x_wconf 88' lang='lat' dir='ltr'>rerum</span> <span class='ocrx_word' id='word_1_88' title='bbox 494 1020 524 1069; x_wconf 88' lang='lat' dir='ltr'>et</span> <span class='ocrx_word' id='word_1_89' title='bbox 542 1016 757 1085; x_wconf 86' lang='lat' dir='ltr'>inpedimenta,</span> <span class='ocrx_word' id='word_1_90' title='bbox 775 1021 810 1069; x_wconf 92' lang='lat' dir='ltr'>ut</span> <span class='ocrx_word' id='word_1_91' title='bbox 822 1017 1040 1084; x_wconf 88' lang='lat' dir='ltr'>interpretatur</span> <span class='ocrx_word' id='word_1_92' title='bbox 1054 1012 1183 1067; x_wconf 86' lang='lat' dir='ltr'>Hirschf.</span> 
     </span>
    </p>

    <p class='ocr_par' dir='ltr' id='par_1_4' title="bbox 166 1085 1184 1722">
     <span class='ocr_line' id='line_1_13' title="bbox 243 1085 1183 1156; baseline -0.004 -15"><span class='ocrx_word' id='word_1_93' title='bbox 243 1085 406 1141; x_wconf 82' lang='lat' dir='ltr'>si-aosti</span> <span class='ocrx_word' id='word_1_94' title='bbox 425 1089 456 1140; x_wconf 91' lang='lat' dir='ltr'>in</span> <span class='ocrx_word' id='word_1_95' title='bbox 475 1086 566 1140; x_wconf 91' lang='lat' dir='ltr'>litura</span> <span class='ocrx_word' id='word_1_96' title='bbox 585 1087 737 1156; x_wconf 86' lang='lat' dir='ltr'>repositae</span> <span class='ocrx_word' id='word_1_97' title='bbox 756 1086 875 1140; x_wconf 89' lang='lat' dir='ltr'>litterae</span> <span class='ocrx_word' id='word_1_98' title='bbox 980 1085 997 1140; x_wconf 83' lang='lat'>5</span> <span class='ocrx_word' id='word_1_99' title='bbox 1016 1085 1183 1151; x_wconf 84' lang='lat' dir='ltr'>adcaoseet,</span> 
     </span>
     <span class='ocr_line' id='line_1_14' title="bbox 168 1155 1183 1228; baseline -0.005 -16"><span class='ocrx_word' id='word_1_100' title='bbox 168 1164 234 1212; x_wconf 88' lang='lat' dir='ltr'>tum</span> <span class='ocrx_word' id='word_1_101' title='bbox 254 1174 310 1227; x_wconf 75' lang='lat' dir='ltr'>aeq</span> <span class='ocrx_word' id='word_1_102' title='bbox 330 1173 406 1228; x_wconf 83' lang='lat' dir='ltr'>quos</span> <span class='ocrx_word' id='word_1_103' title='bbox 425 1159 559 1228; x_wconf 80' lang='lat' dir='ltr'>colapis</span> <span class='ocrx_word' id='word_1_104' title='bbox 658 1159 674 1211; x_wconf 87' lang='lat' dir='ltr'>&#39;l</span> <span class='ocrx_word' id='word_1_105' title='bbox 694 1156 835 1226; x_wconf 79' lang='lat' dir='ltr'>eoeqaials</span> <span class='ocrx_word' id='word_1_106' title='bbox 852 1158 855 1222; x_wconf 94' lang='grc' dir='ltr'>Ι</span> <span class='ocrx_word' id='word_1_107' title='bbox 873 1155 943 1226; x_wconf 81' lang='lat' dir='ltr'>qais</span> <span class='ocrx_word' id='word_1_108' title='bbox 962 1158 1005 1210; x_wconf 88' lang='lat' dir='ltr'>sic</span> <span class='ocrx_word' id='word_1_109' title='bbox 1024 1157 1088 1209; x_wconf 84' lang='lat' dir='ltr'>fere</span> <span class='ocrx_word' id='word_1_110' title='bbox 1107 1156 1183 1224; x_wconf 89' lang='lat' dir='ltr'>lapis</span> 
     </span>
     <span class='ocr_line' id='line_1_15' title="bbox 170 1228 1184 1298; baseline -0.005 -14"><span class='ocrx_word' id='word_1_111' title='bbox 170 1229 226 1284; x_wconf 89' lang='lat' dir='ltr'>sed</span> <span class='ocrx_word' id='word_1_112' title='bbox 245 1231 272 1284; x_wconf 82' lang='lat' dir='ltr'>ts</span> <span class='ocrx_word' id='word_1_113' title='bbox 291 1245 331 1283; x_wconf 90' lang='lat' dir='ltr'>an</span> <span class='ocrx_word' id='word_1_114' title='bbox 349 1228 378 1283; x_wconf 79' lang='lat' dir='ltr'>is</span> <span class='ocrx_word' id='word_1_115' title='bbox 397 1246 437 1282; x_wconf 91' lang='lat' dir='ltr'>an</span> <span class='ocrx_word' id='word_1_116' title='bbox 455 1234 572 1283; x_wconf 90' lang='lat' dir='ltr'>tantum</span> <span class='ocrx_word' id='word_1_117' title='bbox 595 1245 610 1283; x_wconf 92' lang='lat' dir='ltr'>s</span> <span class='ocrx_word' id='word_1_118' title='bbox 628 1231 785 1282; x_wconf 86' lang='lat' dir='ltr'>incertum.</span> <span class='ocrx_word' id='word_1_119' title='bbox 822 1230 1018 1298; x_wconf 86' lang='lat' dir='ltr'>interpretor:</span> <span class='ocrx_word' id='word_1_120' title='bbox 1037 1228 1184 1295; x_wconf 82' lang='lat' dir='ltr'>aspicient</span> 
     </span>
     <span class='ocr_line' id='line_1_16' title="bbox 169 1298 1183 1370; baseline -0.005 -15"><span class='ocrx_word' id='word_1_121' title='bbox 169 1303 319 1370; x_wconf 84' lang='lat' dir='ltr'>exequias</span> <span class='ocrx_word' id='word_1_122' title='bbox 339 1301 469 1368; x_wconf 89' lang='lat' dir='ltr'>aliquius</span> <span class='ocrx_word' id='word_1_123' title='bbox 488 1301 537 1365; x_wconf 87' lang='lat' dir='ltr'>(cf.</span> <span class='ocrx_word' id='word_1_124' title='bbox 548 1299 861 1353; x_wconf 88' lang='lat' dir='ltr'>LachmannusLucr.</span> <span class='ocrx_word' id='word_1_125' title='bbox 874 1316 903 1368; x_wconf 89' lang='lat' dir='ltr'>p.</span> <span class='ocrx_word' id='word_1_126' title='bbox 914 1299 960 1364; x_wconf 78' lang='grc'>27)</span> <span class='ocrx_word' id='word_1_127' title='bbox 980 1298 1034 1352; x_wconf 90' lang='lat' dir='ltr'>sed</span> <span class='ocrx_word' id='word_1_128' title='bbox 1052 1299 1183 1351; x_wconf 83' lang='lat' dir='ltr'>maxime</span> 
     </span>
     <span class='ocr_line' id='line_1_17' title="bbox 170 1366 1181 1440; baseline -0.005 -14"><span class='ocrx_word' id='word_1_129' title='bbox 170 1374 289 1426; x_wconf 88' lang='lat' dir='ltr'>euitant</span> <span class='ocrx_word' id='word_1_130' title='bbox 307 1386 408 1440; x_wconf 90' lang='lat' dir='ltr'>neque</span> <span class='ocrx_word' id='word_1_131' title='bbox 427 1373 484 1440; x_wconf 90' lang='lat' dir='ltr'>ipsi</span> <span class='ocrx_word' id='word_1_132' title='bbox 503 1377 584 1425; x_wconf 92' lang='lat' dir='ltr'>eunt.</span> <span class='ocrx_word' id='word_1_133' title='bbox 616 1387 655 1424; x_wconf 90' lang='lat' dir='ltr'>an</span> <span class='ocrx_word' id='word_1_134' title='bbox 669 1369 740 1440; x_wconf 77' lang='lat' dir='ltr'>qais</span> <span class='ocrx_word' id='word_1_135' title='bbox 755 1373 854 1439; x_wconf 88' lang='lat' dir='ltr'>prisco</span> <span class='ocrx_word' id='word_1_136' title='bbox 867 1386 952 1424; x_wconf 89' lang='lat' dir='ltr'>more</span> <span class='ocrx_word' id='word_1_137' title='bbox 965 1385 1019 1438; x_wconf 91' lang='lat' dir='ltr'>pro</span> <span class='ocrx_word' id='word_1_138' title='bbox 1036 1366 1090 1438; x_wconf 80' lang='lat' dir='ltr'>qai</span> <span class='ocrx_word' id='word_1_139' title='bbox 1103 1383 1181 1422; x_wconf 91' lang='lat' dir='ltr'>nom.</span> 
     </span>
     <span class='ocr_line' id='line_1_18' title="bbox 170 1440 1182 1512; baseline -0.003 -17"><span class='ocrx_word' id='word_1_140' title='bbox 170 1442 268 1512; x_wconf 74' lang='lat' dir='ltr'>plur?</span> <span class='ocrx_word' id='word_1_141' title='bbox 298 1448 360 1495; x_wconf 90' lang='lat' dir='ltr'>tum</span> <span class='ocrx_word' id='word_1_142' title='bbox 380 1444 433 1495; x_wconf 83' lang='lat' dir='ltr'>uix</span> <span class='ocrx_word' id='word_1_143' title='bbox 455 1443 612 1511; x_wconf 89' lang='lat' dir='ltr'>probabile</span> <span class='ocrx_word' id='word_1_144' title='bbox 637 1449 682 1496; x_wconf 86' lang='lat' dir='ltr'>est</span> <span class='ocrx_word' id='word_1_145' title='bbox 701 1440 767 1511; x_wconf 81' lang='lat' dir='ltr'>quit</span> <span class='ocrx_word' id='word_1_146' title='bbox 787 1442 899 1495; x_wconf 88' lang='lat' dir='ltr'>dictum</span> <span class='ocrx_word' id='word_1_147' title='bbox 919 1456 985 1495; x_wconf 88' lang='lat' dir='ltr'>esse</span> <span class='ocrx_word' id='word_1_148' title='bbox 1002 1456 1058 1509; x_wconf 85' lang='lat' dir='ltr'>pro</span> <span class='ocrx_word' id='word_1_149' title='bbox 1077 1444 1182 1508; x_wconf 86' lang='lat' dir='ltr'>potest,</span> 
     </span>
     <span class='ocr_line' id='line_1_19' title="bbox 167 1510 1183 1583; baseline -0.005 -16"><span class='ocrx_word' id='word_1_150' title='bbox 167 1513 386 1569; x_wconf 81' lang='lat' dir='ltr'>cf.Pet1·on.4b</span> <span class='ocrx_word' id='word_1_151' title='bbox 406 1512 483 1583; x_wconf 84' lang='lat' dir='ltr'>qaid</span> <span class='ocrx_word' id='word_1_152' title='bbox 495 1512 607 1583; x_wconf 80' lang='lat' dir='ltr'>atique.</span> <span class='ocrx_word' id='word_1_153' title='bbox 627 1514 793 1567; x_wconf 89' lang='lat' dir='ltr'>malueram</span> <span class='ocrx_word' id='word_1_154' title='bbox 808 1514 930 1581; x_wconf 91' lang='lat' dir='ltr'>quidem</span> <span class='ocrx_word' id='word_1_155' title='bbox 946 1510 1047 1580; x_wconf 82' lang='lat' dir='ltr'>aspice</span> <span class='ocrx_word' id='word_1_156' title='bbox 1060 1512 1102 1575; x_wconf 87' lang='lat' dir='ltr'>at,</span> <span class='ocrx_word' id='word_1_157' title='bbox 1121 1526 1183 1563; x_wconf 90' lang='lat' dir='ltr'>non</span> 
     </span>
     <span class='ocr_line' id='line_1_20' title="bbox 169 1582 1184 1654; baseline -0.004 -16"><span class='ocrx_word' id='word_1_158' title='bbox 169 1586 342 1653; x_wconf 88' lang='lat' dir='ltr'>comparuit</span> <span class='ocrx_word' id='word_1_159' title='bbox 361 1589 462 1638; x_wconf 90' lang='lat' dir='ltr'>tamen</span> <span class='ocrx_word' id='word_1_160' title='bbox 553 1585 569 1638; x_wconf 87' lang='lat'>9</span> <span class='ocrx_word' id='word_1_161' title='bbox 584 1584 685 1654; x_wconf 90' lang='lat' dir='ltr'>lapide</span> <span class='ocrx_word' id='word_1_162' title='bbox 699 1586 856 1653; x_wconf 79' lang='lat' dir='ltr'>recognito</span> <span class='ocrx_word' id='word_1_163' title='bbox 870 1584 945 1651; x_wconf 79' lang='lat' dir='ltr'>legit</span> <span class='ocrx_word' id='word_1_164' title='bbox 953 1582 1092 1647; x_wconf 83' lang='lat' dir='ltr'>Hirschf.‚</span> <span class='ocrx_word' id='word_1_165' title='bbox 1105 1583 1184 1634; x_wconf 87' lang='lat' dir='ltr'>inter</span> 
     </span>
     <span class='ocr_line' id='line_1_21' title="bbox 166 1653 1162 1722; baseline -0.004 -13"><span class='ocrx_word' id='word_1_166' title='bbox 166 1654 290 1709; x_wconf 33' lang='lat' dir='ltr'>{amicas</span> <span class='ocrx_word' id='word_1_167' title='bbox 309 1659 339 1709; x_wconf 91' lang='lat' dir='ltr'>et</span> <span class='ocrx_word' id='word_1_168' title='bbox 358 1653 436 1709; x_wconf 80' lang='lat' dir='ltr'>derit</span> <span class='ocrx_word' id='word_1_169' title='bbox 453 1656 527 1709; x_wconf 90' lang='lat' dir='ltr'>nihil</span> <span class='ocrx_word' id='word_1_170' title='bbox 546 1656 644 1709; x_wconf 90' lang='lat' dir='ltr'>uideri</span> <span class='ocrx_word' id='word_1_171' title='bbox 663 1656 860 1709; x_wconf 84' lang='lat' dir='ltr'>intercidisse.</span> <span class='ocrx_word' id='word_1_172' title='bbox 890 1657 989 1708; x_wconf 80' lang='lat' dir='ltr'>exitus</span> <span class='ocrx_word' id='word_1_173' title='bbox 1008 1653 1162 1722; x_wconf 82' lang='lat' dir='ltr'>elegiaous</span> 
     </span>
    </p>
   </div>
   <div class='ocr_carea' id='block_1_3' title="bbox 554 1781 894 1972">
    <p class='ocr_par' dir='ltr' id='par_1_5' title="bbox 554 1781 894 1972">
     <span class='ocr_line' id='line_1_22' title="bbox 646 1781 709 1845; baseline 0 -1"><span class='ocrx_word' id='word_1_174' title='bbox 646 1781 709 1845; x_wconf 73' lang='lat'>471</span> 
     </span>
     <span class='ocr_line' id='line_1_23' title="bbox 554 1887 894 1972; baseline 0.003 -22"><span class='ocrx_word' id='word_1_175' title='bbox 554 1887 736 1969; x_wconf 88' lang='lat' dir='ltr'>hilaresque</span> <span class='ocrx_word' id='word_1_176' title='bbox 759 1892 894 1972; x_wconf 87' lang='lat' dir='ltr'>penates</span> 
     </span>
    </p>
   </div>
   <div class='ocr_carea' id='block_1_4' title="bbox 132 1994 1087 2928">
    <p class='ocr_par' dir='ltr' id='par_1_6' title="bbox 132 1994 1087 2928">
     <span class='ocr_line' id='line_1_24' title="bbox 540 1994 901 2076; baseline 0.003 -19"><span class='ocrx_word' id='word_1_177' title='bbox 540 1994 744 2076; x_wconf 89' lang='lat' dir='ltr'>thalamoque</span> <span class='ocrx_word' id='word_1_178' title='bbox 767 1999 901 2058; x_wconf 89' lang='lat' dir='ltr'>uenusto</span> 
     </span>
     <span class='ocr_line' id='line_1_25' title="bbox 171 2100 917 2185; baseline -0.003 -20"><span class='ocrx_word' id='word_1_179' title='bbox 171 2106 206 2165; x_wconf 90' lang='lat' dir='ltr'>ut</span> <span class='ocrx_word' id='word_1_180' title='bbox 231 2107 361 2185; x_wconf 88' lang='lat' dir='ltr'>caperet</span> <span class='ocrx_word' id='word_1_181' title='bbox 383 2100 489 2184; x_wconf 77' lang='lat' dir='ltr'>telllus</span> <span class='ocrx_word' id='word_1_182' title='bbox 512 2100 697 2184; x_wconf 87' lang='lat' dir='ltr'>perfunctos</span> <span class='ocrx_word' id='word_1_183' title='bbox 718 2100 787 2164; x_wconf 87' lang='lat' dir='ltr'>uita</span> <span class='ocrx_word' id='word_1_184' title='bbox 810 2100 917 2181; x_wconf 88' lang='lat' dir='ltr'>beata,</span> 
     </span>
     <span class='ocr_line' id='line_1_26' title="bbox 172 2205 956 2291; baseline -0.003 -19"><span class='ocrx_word' id='word_1_185' title='bbox 172 2206 226 2272; x_wconf 87' lang='lat' dir='ltr'>hic</span> <span class='ocrx_word' id='word_1_186' title='bbox 249 2205 357 2272; x_wconf 86' lang='lat' dir='ltr'>sedem</span> <span class='ocrx_word' id='word_1_187' title='bbox 382 2207 558 2291; x_wconf 72' lang='lat' dir='ltr'>aetlemam</span> <span class='ocrx_word' id='word_1_188' title='bbox 580 2205 647 2270; x_wconf 88' lang='lat' dir='ltr'>uiui</span> <span class='ocrx_word' id='word_1_189' title='bbox 671 2206 778 2271; x_wconf 85' lang='lat' dir='ltr'>facere</span> <span class='ocrx_word' id='word_1_190' title='bbox 802 2205 956 2287; x_wconf 74' lang='lat' dir='ltr'>ualenter,</span> 
     </span>
     <span class='ocr_line' id='line_1_27' title="bbox 142 2311 1037 2397; baseline -0.004 -18"><span class='ocrx_word' id='word_1_191' title='bbox 142 2320 239 2395; x_wconf 75' lang='lat' dir='ltr'>sutq.</span> <span class='ocrx_word' id='word_1_192' title='bbox 264 2313 348 2379; x_wconf 85' lang='lat' dir='ltr'>soret</span> <span class='ocrx_word' id='word_1_193' title='bbox 371 2313 496 2397; x_wconf 75' lang='lat' dir='ltr'>titullus</span> <span class='ocrx_word' id='word_1_194' title='bbox 520 2311 712 2378; x_wconf 89' lang='lat' dir='ltr'>concordiae</span> <span class='ocrx_word' id='word_1_195' title='bbox 735 2313 872 2396; x_wconf 89' lang='lat' dir='ltr'>posteris</span> <span class='ocrx_word' id='word_1_196' title='bbox 896 2318 1037 2377; x_wconf 89' lang='lat' dir='ltr'>sanctae.</span> 
     </span>
     <span class='ocr_line' id='line_1_28' title="bbox 172 2417 1083 2503; baseline -0.008 -19"><span class='ocrx_word' id='word_1_197' title='bbox 172 2427 206 2485; x_wconf 88' lang='lat' dir='ltr'>at</span> <span class='ocrx_word' id='word_1_198' title='bbox 229 2419 355 2485; x_wconf 88' lang='lat' dir='ltr'>functos</span> <span class='ocrx_word' id='word_1_199' title='bbox 379 2419 444 2503; x_wconf 87' lang='lat' dir='ltr'>qu]i</span> <span class='ocrx_word' id='word_1_200' title='bbox 467 2420 541 2501; x_wconf 82' lang='lat' dir='ltr'>sint,</span> <span class='ocrx_word' id='word_1_201' title='bbox 565 2419 771 2501; x_wconf 88' lang='lat' dir='ltr'>sequentibus</span> <span class='ocrx_word' id='word_1_202' title='bbox 793 2418 939 2484; x_wconf 85' lang='lat' dir='ltr'>uersibus</span> <span class='ocrx_word' id='word_1_203' title='bbox 963 2417 1083 2483; x_wconf 87' lang='lat' dir='ltr'>disces:</span> 
     </span>
     <span class='ocr_line' id='line_1_29' title="bbox 421 2524 1028 2610; baseline -0.007 -18"><span class='ocrx_word' id='word_1_204' title='bbox 421 2525 450 2610; x_wconf 82' lang='lat' dir='ltr'>]s</span> <span class='ocrx_word' id='word_1_205' title='bbox 474 2533 506 2591; x_wconf 91' lang='lat' dir='ltr'>et</span> <span class='ocrx_word' id='word_1_206' title='bbox 529 2526 629 2591; x_wconf 91' lang='lat' dir='ltr'>Luria</span> <span class='ocrx_word' id='word_1_207' title='bbox 651 2525 743 2590; x_wconf 85' lang='lat' dir='ltr'>fatali</span> <span class='ocrx_word' id='word_1_208' title='bbox 767 2524 895 2590; x_wconf 87' lang='lat' dir='ltr'>reddita</span> <span class='ocrx_word' id='word_1_209' title='bbox 918 2525 1028 2606; x_wconf 76' lang='lat' dir='ltr'>morti3</span> 
     </span>
     <span class='ocr_line' id='line_1_30' title="bbox 172 2631 1087 2717; baseline 0 -22"><span class='ocrx_word' id='word_1_210' title='bbox 172 2632 254 2697; x_wconf 88' lang='lat' dir='ltr'>haec</span> <span class='ocrx_word' id='word_1_211' title='bbox 277 2632 361 2716; x_wconf 81' lang='lat' dir='ltr'>frugi</span> <span class='ocrx_word' id='word_1_212' title='bbox 385 2631 441 2717; x_wconf 89' lang='lat' dir='ltr'>pia</span> <span class='ocrx_word' id='word_1_213' title='bbox 464 2631 573 2716; x_wconf 76' lang='lat' dir='ltr'>dlocta</span> <span class='ocrx_word' id='word_1_214' title='bbox 597 2632 666 2696; x_wconf 89' lang='lat' dir='ltr'>colo</span> <span class='ocrx_word' id='word_1_215' title='bbox 691 2631 891 2715; x_wconf 82' lang='lat' dir='ltr'>calathisque</span> <span class='ocrx_word' id='word_1_216' title='bbox 914 2632 1087 2713; x_wconf 86' lang='lat' dir='ltr'>Mineruae,</span> 
     </span>
     <span class='ocr_line' id='line_1_31' title="bbox 172 2737 1015 2822; baseline 0 -20"><span class='ocrx_word' id='word_1_217' title='bbox 172 2739 227 2803; x_wconf 92' lang='lat' dir='ltr'>ille</span> <span class='ocrx_word' id='word_1_218' title='bbox 249 2738 362 2822; x_wconf 90' lang='lat' dir='ltr'>arte]m</span> <span class='ocrx_word' id='word_1_219' title='bbox 385 2737 497 2822; x_wconf 82' lang='lat' dir='ltr'>digitis</span> <span class='ocrx_word' id='word_1_220' title='bbox 520 2758 711 2821; x_wconf 89' lang='lat' dir='ltr'>nummoque</span> <span class='ocrx_word' id='word_1_221' title='bbox 734 2737 870 2821; x_wconf 88' lang='lat' dir='ltr'>probare</span> <span class='ocrx_word' id='word_1_222' title='bbox 893 2739 1015 2822; x_wconf 91' lang='lat' dir='ltr'>peritus</span> 
     </span>
     <span class='ocr_line' id='line_1_32' title="bbox 132 2842 996 2928; baseline -0.003 -16"><span class='ocrx_word' id='word_1_223' title='bbox 132 2865 213 2912; x_wconf 81' lang='lat' dir='ltr'>mex</span> <span class='ocrx_word' id='word_1_224' title='bbox 237 2844 383 2928; x_wconf 80' lang='lat' dir='ltr'>ratione]</span> <span class='ocrx_word' id='word_1_225' title='bbox 407 2866 464 2911; x_wconf 90' lang='lat' dir='ltr'>suo</span> <span class='ocrx_word' id='word_1_226' title='bbox 489 2845 677 2928; x_wconf 83' lang='lat' dir='ltr'>cognomine</span> <span class='ocrx_word' id='word_1_227' title='bbox 702 2842 806 2909; x_wconf 90' lang='lat' dir='ltr'>dictus</span> <span class='ocrx_word' id='word_1_228' title='bbox 829 2844 996 2910; x_wconf 90' lang='lat' dir='ltr'>Paternus.</span> 
     </span>
    </p>
   </div>
   <div class='ocr_carea' id='block_1_5' title="bbox 172 2984 1190 3622">
    <p class='ocr_par' dir='ltr' id='par_1_7' title="bbox 173 2984 1189 3197">
     <span class='ocr_line' id='line_1_33' title="bbox 245 2984 1093 3041; baseline -0.004 0"><span class='ocrx_word' id='word_1_229' title='bbox 245 2985 318 3041; x_wconf 87' lang='lat' dir='ltr'><strong>CIL.</strong></span> <span class='ocrx_word' id='word_1_230' title='bbox 337 2985 377 3039; x_wconf 93' lang='lat' dir='ltr'>VI</span> <span class='ocrx_word' id='word_1_231' title='bbox 396 2985 485 3040; x_wconf 82' lang='grc'>23852</span> <span class='ocrx_word' id='word_1_232' title='bbox 504 3001 543 3040; x_wconf 85' lang='lat' dir='ltr'>ex</span> <span class='ocrx_word' id='word_1_233' title='bbox 561 2984 681 3038; x_wconf 87' lang='lat' dir='ltr'>Marinii</span> <span class='ocrx_word' id='word_1_234' title='bbox 700 2989 730 3039; x_wconf 93' lang='lat' dir='ltr'>et</span> <span class='ocrx_word' id='word_1_235' title='bbox 749 2984 955 3038; x_wconf 86' lang='lat' dir='ltr'>Kellermauni</span> <span class='ocrx_word' id='word_1_236' title='bbox 974 2984 1093 3039; x_wconf 88' lang='lat' dir='ltr'>schedis</span> 
     </span>
     <span class='ocr_line' id='line_1_34' title="bbox 173 3056 1189 3126; baseline -0.002 -16"><span class='ocrx_word' id='word_1_237' title='bbox 173 3057 288 3113; x_wconf 88' lang='lat' dir='ltr'>Romae</span> <span class='ocrx_word' id='word_1_238' title='bbox 316 3058 374 3110; x_wconf 86' lang='lat' dir='ltr'>fuit</span> <span class='ocrx_word' id='word_1_239' title='bbox 402 3056 507 3110; x_wconf 90' lang='lat' dir='ltr'>tabula</span> <span class='ocrx_word' id='word_1_240' title='bbox 534 3070 705 3110; x_wconf 88' lang='lat' dir='ltr'>marmorea</span> <span class='ocrx_word' id='word_1_241' title='bbox 733 3056 860 3126; x_wconf 84' lang='lat' dir='ltr'>grandis</span> <span class='ocrx_word' id='word_1_242' title='bbox 885 3056 992 3110; x_wconf 86' lang='lat' dir='ltr'>litteris</span> <span class='ocrx_word' id='word_1_243' title='bbox 1020 3056 1132 3125; x_wconf 86' lang='lat' dir='ltr'>pulcris</span> <span class='ocrx_word' id='word_1_244' title='bbox 1158 3060 1189 3109; x_wconf 94' lang='lat' dir='ltr'>et</span> 
     </span>
     <span class='ocr_line' id='line_1_35' title="bbox 175 3144 294 3197; baseline 0.008 -16"><span class='ocrx_word' id='word_1_245' title='bbox 175 3144 294 3197; x_wconf 78' lang='lat' dir='ltr'>magnis</span> 
     </span>
    </p>

    <p class='ocr_par' dir='ltr' id='par_1_8' title="bbox 172 3197 1190 3622">
     <span class='ocr_line' id='line_1_36' title="bbox 247 3197 1115 3266; baseline -0.001 -15"><span class='ocrx_word' id='word_1_246' title='bbox 247 3199 259 3251; x_wconf 88' lang='lat'>1</span> <span class='ocrx_word' id='word_1_247' title='bbox 281 3200 311 3252; x_wconf 91' lang='lat' dir='ltr'>hi</span> <span class='ocrx_word' id='word_1_248' title='bbox 330 3199 441 3252; x_wconf 89' lang='lat' dir='ltr'>laetam</span> <span class='ocrx_word' id='word_1_249' title='bbox 460 3197 583 3253; x_wconf 86' lang='lat' dir='ltr'>coluere</span> <span class='ocrx_word' id='word_1_250' title='bbox 602 3198 725 3252; x_wconf 91' lang='lat' dir='ltr'>domum</span> <span class='ocrx_word' id='word_1_251' title='bbox 814 3198 831 3250; x_wconf 88' lang='grc'>2</span> <span class='ocrx_word' id='word_1_252' title='bbox 849 3198 953 3251; x_wconf 79' lang='lat' dir='ltr'>felices</span> <span class='ocrx_word' id='word_1_253' title='bbox 973 3198 1115 3266; x_wconf 84' lang='lat' dir='ltr'>coniugio</span> 
     </span>
     <span class='ocr_line' id='line_1_37' title="bbox 174 3266 1190 3338; baseline -0.002 -15"><span class='ocrx_word' id='word_1_254' title='bbox 174 3270 192 3323; x_wconf 86' lang='lat'>4</span> <span class='ocrx_word' id='word_1_255' title='bbox 208 3268 307 3337; x_wconf 78' lang='lat' dir='ltr'>fecere</span> <span class='ocrx_word' id='word_1_256' title='bbox 326 3269 500 3338; x_wconf 87' lang='lat' dir='ltr'>postulabat</span> <span class='ocrx_word' id='word_1_257' title='bbox 518 3283 627 3322; x_wconf 90' lang='lat' dir='ltr'>uersus</span> <span class='ocrx_word' id='word_1_258' title='bbox 717 3269 734 3322; x_wconf 80' lang='lat'>7</span> <span class='ocrx_word' id='word_1_259' title='bbox 753 3266 886 3323; x_wconf 81' lang='lat' dir='ltr'>Luscius</span> <span class='ocrx_word' id='word_1_260' title='bbox 899 3274 995 3322; x_wconf 90' lang='lat' dir='ltr'>metro</span> <span class='ocrx_word' id='word_1_261' title='bbox 1014 3273 1119 3338; x_wconf 89' lang='lat' dir='ltr'>aptum</span> <span class='ocrx_word' id='word_1_262' title='bbox 1137 3283 1190 3322; x_wconf 89' lang='lat' dir='ltr'>no·</span> 
     </span>
     <span class='ocr_line' id='line_1_38' title="bbox 175 3337 1190 3409; baseline 0 -16"><span class='ocrx_word' id='word_1_263' title='bbox 175 3355 253 3406; x_wconf 84' lang='lat' dir='ltr'>men,</span> <span class='ocrx_word' id='word_1_264' title='bbox 272 3345 304 3393; x_wconf 89' lang='lat' dir='ltr'>at</span> <span class='ocrx_word' id='word_1_265' title='bbox 323 3341 381 3393; x_wconf 86' lang='lat' dir='ltr'>t&#39;uit</span> <span class='ocrx_word' id='word_1_266' title='bbox 399 3340 521 3409; x_wconf 79' lang='lat' dir='ltr'>longius</span> <span class='ocrx_word' id='word_1_267' title='bbox 540 3339 634 3393; x_wconf 87' lang='lat' dir='ltr'>multo</span> <span class='ocrx_word' id='word_1_268' title='bbox 725 3339 742 3393; x_wconf 88' lang='lat'>8</span> <span class='ocrx_word' id='word_1_269' title='bbox 761 3339 876 3409; x_wconf 83' lang='lat' dir='ltr'>Vergili</span> <span class='ocrx_word' id='word_1_270' title='bbox 895 3338 970 3393; x_wconf 83' lang='lat' dir='ltr'>Aen.</span> <span class='ocrx_word' id='word_1_271' title='bbox 990 3339 1046 3393; x_wconf 90' lang='lat' dir='ltr'>VII</span> <span class='ocrx_word' id='word_1_272' title='bbox 1062 3338 1115 3393; x_wconf 78' lang='lat'>805</span> <span class='ocrx_word' id='word_1_273' title='bbox 1133 3337 1190 3393; x_wconf 84' lang='lat' dir='ltr'>illa</span> 
     </span>
     <span class='ocr_line' id='line_1_39' title="bbox 174 3408 1189 3478; baseline 0.001 -15"><span class='ocrx_word' id='word_1_274' title='bbox 174 3410 238 3463; x_wconf 85' lang='lat' dir='ltr'>eolo</span> <span class='ocrx_word' id='word_1_275' title='bbox 251 3408 418 3465; x_wconf 76' lang='lat' dir='ltr'>calathisae</span> <span class='ocrx_word' id='word_1_276' title='bbox 427 3410 588 3465; x_wconf 79' lang='lat' dir='ltr'>Mineruae</span> <span class='ocrx_word' id='word_1_277' title='bbox 599 3408 751 3478; x_wconf 79' lang='lat' dir='ltr'>femineas</span> <span class='ocrx_word' id='word_1_278' title='bbox 761 3412 889 3465; x_wconf 82' lang='lat' dir='ltr'>adsueta</span> <span class='ocrx_word' id='word_1_279' title='bbox 903 3425 1016 3465; x_wconf 82' lang='lat' dir='ltr'>meaos</span> <span class='ocrx_word' id='word_1_280' title='bbox 1030 3410 1189 3465; x_wconf 88' lang='lat' dir='ltr'>admonuit</span> 
     </span>
     <span class='ocr_line' id='line_1_40' title="bbox 175 3480 1190 3551; baseline 0.003 -18"><span class='ocrx_word' id='word_1_281' title='bbox 175 3480 321 3535; x_wconf 87' lang='lat' dir='ltr'>Marinius</span> <span class='ocrx_word' id='word_1_282' title='bbox 410 3482 427 3535; x_wconf 84' lang='lat'>9</span> <span class='ocrx_word' id='word_1_283' title='bbox 446 3482 661 3536; x_wconf 88' lang='lat' dir='ltr'>calculatorem</span> <span class='ocrx_word' id='word_1_284' title='bbox 682 3482 741 3535; x_wconf 90' lang='lat' dir='ltr'>dici</span> <span class='ocrx_word' id='word_1_285' title='bbox 761 3484 876 3551; x_wconf 89' lang='lat' dir='ltr'>opinor.</span> <span class='ocrx_word' id='word_1_286' title='bbox 905 3481 1069 3537; x_wconf 82' lang='lat' dir='ltr'>Henaenus</span> <span class='ocrx_word' id='word_1_287' title='bbox 1082 3482 1190 3536; x_wconf 82' lang='lat' dir='ltr'>doetus</span> 
     </span>
     <span class='ocr_line' id='line_1_41' title="bbox 172 3550 1180 3622; baseline 0.003 -18"><span class='ocrx_word' id='word_1_288' title='bbox 172 3550 247 3605; x_wconf 74' lang='lat' dir='ltr'>item</span> <span class='ocrx_word' id='word_1_289' title='bbox 266 3550 374 3621; x_wconf 76' lang='lat' dir='ltr'>dipite&#39;s</span> <span class='ocrx_word' id='word_1_290' title='bbox 392 3567 592 3622; x_wconf 77' lang='lat' dir='ltr'>nummosque</span> <span class='ocrx_word' id='word_1_291' title='bbox 611 3553 778 3622; x_wconf 87' lang='lat' dir='ltr'>proposuit,</span> <span class='ocrx_word' id='word_1_292' title='bbox 797 3553 852 3607; x_wconf 88' lang='lat' dir='ltr'>sed</span> <span class='ocrx_word' id='word_1_293' title='bbox 871 3552 1038 3607; x_wconf 89' lang='lat' dir='ltr'>tenendum</span> <span class='ocrx_word' id='word_1_294' title='bbox 1055 3568 1180 3607; x_wconf 80' lang='lat' dir='ltr'>nummo</span> 
     </span>
    </p>
   </div>
   <div class='ocr_carea' id='block_1_6' title="bbox 0 0 1339 3882">
    <p class='ocr_par' dir='ltr' id='par_1_9' title="bbox 0 0 1339 3882">
     <span class='ocr_line' id='line_1_42' title="bbox 0 0 1339 3882; baseline 0 0"><span class='ocrx_word' id='word_1_295' title='bbox 0 0 1339 3882; x_wconf 95' lang='lat' dir='ltr'> </span> 
     </span>
    </p>
   </div>
  </div>
 </body>
</html>
