2634 3892
175 138 227 193 326
611 151 751 192 3131131

245 296 317 353 CIL.
336 297 395 352 XII
414 297 466 352 949
486 298 581 352 deser.
594 297 766 351 Hirschfeld
786 299 913 367 eiusque
932 299 1032 353 socius
1115 297 1191 353 Are·

172 369 233 423 late
258 371 290 423 in
315 370 516 439 sarcophago,
548 370 635 423 ouius
660 370 803 437 operculo
827 370 1006 439 inscriptum
1030 375 1075 425 est
1098 385 1191 445 sacro

172 442 295 494 sunctae
314 438 390 510 lepis
411 438 538 494 antestis
557 438 701 494 Hilarius
723 437 772 493 bic
791 439 926 509 quiescit.
965 441 1003 495 de
1029 457 1089 509 quo
1115 441 1189 495 uide

175 510 367 566 Gennadium
385 528 414 565 u.
434 511 473 565 ill.
493 511 693 579 inmortuus
713 513 810 565 fertur
830 511 915 566 (1136
939 529 977 565 m.
996 512 1056 566 Mai
1079 528 1106 566 a.
1126 512 1188 578 449,

175 587 259 637 extat
286 584 352 636 uita
380 584 493 653 scripta
522 584 561 636 ab
589 582 747 637 Honorato
776 582 963 638 Massiliensi.
1006 584 1191 653 suppleuere

174 654 263 723 primi
282 654 413 709 editores

246 726 263 778 3
282 724 370 779 Pauli
389 741 435 794 ep.
456 725 495 779 ad
513 725 642 795 Philipp.
661 725 676 779 Ι
694 725 728 779 21
753 723 831 779 mibi
852 723 958 780 uiuere
984 722 1123 780 Christus
1146 726 1191 778 est

174 797 202 849 et
219 795 299 850 rnori
318 797 438 852 lucrant
545 796 562 849 8
581 812 708 866 pentina,
730 799 766 850 cf.
778 795 826 850 Au
850 799 911 851 usti
930 797 969 850 ad
981 795 1189 850 Maecenatem

176 869 260 936 epist.
282 865 452 922 Cilniorurn
470 869 634 938 amaraque
653 873 683 922 et
702 878 803 922 cetera
822 872 831 932 (
863 869 964 922 aerob.
979 873 1033 922 sat.
1050 866 1190 933 11113),

175 938 373 1007 diuolgarunt
393 940 600 1008 metaphoram
611 937 753 994 Sidonius
770 945 799 994 et
818 940 1019 1008 epitaphistae
1033 939 1189 992 christiani

246 1010 280 1062 12
299 1015 437 1078 superest
456 1014 552 1064 metro
572 1008 601 1063 si
620 1018 673 1063 aut
692 1011 764 1064 baec
845 1010 880 1063 14
898 1012 916 1063 i.
936 1011 1107 1090 fragrantia

175 1079 209 1133 15
228 1079 262 1134 V.
282 1096 329 1150 ge.
349 1080 390 1135 IV
410 1081 461 1136 109
480 1080 593 1136 croceis
612 1082 751 1135 halantes
767 1079 897 1152 floribus
915 1081 996 1135 barti

172 1330 236 1396 Hie
258 1330 421 1396 Lueianus
445 1351 516 1396 cum
540 1331 624 1396 bona
646 1351 728 1416 pace
748 1328 753 1416 Ι
774 1331 919 1413 quiescit.

173 1437 304 1502 innooes
326 1443 509 1502 mansuetus
530 1434 534 1523 1
554 1438 648 1504 mites
671 1438 754 1503 letus
778 1458 849 1504 cum
873 1438 985 1503 amicis
1008 1434 1155 1522 amicust

174 1543 256 1608 uixit
279 1544 371 1608 annis
394 1543 492 1628 pl(us)
514 1544 644 1624 m(inus)
667 1543 696 1608 L
719 1545 807 1610 nulla
829 1550 977 1610 manente
997 1540 1002 1630 Ι
1023 1542 1176 1626 querella.

245 1683 362 1739 Notizie
382 1685 408 1737 d.
429 1686 512 1738 soavi
532 1685 602 1739 1893
621 1702 648 1755 p.
662 1685 716 1739 422
729 1686 824 1740 deser.
836 1683 980 1755 Sogliano
1080 1685 1113 1737 in
1121 1683 1189 1738 Hir·

174 1755 253 1824 pinis
271 1771 367 1825 prope
385 1755 508 1810 Pratam
527 1757 559 1809 in
579 1761 686 1826 crypta
704 1758 849 1811 basilicae
868 1757 1021 1825 antiquae.
1060 1756 1189 1809 subscri·

174 1832 259 1895 ptum
290 1825 447 1895 depositas
473 1830 517 1881 est
544 1825 578 1881 in
601 1843 679 1896 pace
707 1826 832 1882 arani.
860 1826 1049 1896 Septembres
1077 1824 1191 1880 Flabio
1306 1892 1307 1901 χ

174 1896 337 1952 Marciano
357 1900 384 1952 et
404 1897 550 1966 [Z]enone
568 1897 672 1967 Miris)
698 1898 842 1967 [cicens.
863 1914 942 1953 anno
961 1898 1015 1952 469

245 1970 263 2022 2
276 1970 473 2038 prouerbium
486 1968 604 2024 amicus
617 1968 715 2025 arnico
726 1969 833 2037 (Plaut.
843 1970 902 2023 mil.
913 1970 966 2024 658
978 1969 1099 2023 Petron.
1110 1968 1145 2022 43
1153 1972 1190 2033 s.)

650 2113 716 2178 690

174 2220 348 2304 Presbyter
371 2220 424 2286 hie
447 2221 570 2304 positus
593 2220 687 2285 Felix
710 2221 742 2284 in
766 2240 848 2305 paee
872 2219 1018 2303 quiescit,

175 2328 264 2392 euius
287 2345 368 2411 pura
388 2326 468 2392 fides
491 2325 636 2411 probitas
658 2327 829 2410 uigilantia
852 2327 962 2392 3011313

174 2431 359 2518 pontificum
383 2433 469 2498 31313
493 2433 616 2517 placuit
639 2434 686 2497 sio
709 2438 785 2498 nota
808 2432 921 2515 Leoni,

173 2546 247 2626 post
269 2540 392 2605 labsum
415 2547 451 2605 ut
474 2559 626 2625 reparans
649 2538 824 2604 uenerandi
849 2539 987 2604 eulmina
1007 2539 1099 2603 Pauli

152 2646 250 2712 shuie
273 2648 379 2732 operis
402 2647 484 2711 tanti
507 2645 724 2712 renouandam
748 2645 893 2711 crederet
916 2646 1031 2711 aulam.

243 2786 331 2841 Rossi
349 2787 437 2841 inser.
458 2786 829 2853 3111131.Ι13111.1366,831
849 2787 901 2854 qni
919 2787 996 2841 uidit
1014 2788 1192 2857 fragmenta

173 2859 310 2912 extantia
329 2859 361 2911 in
380 2859 527 2913 coenobio
547 2857 575 2913 S.
594 2857 690 2910 Pauli.
728 2858 932 2926 subscriptum
951 2856 1108 2926 depositus
1131 2859 1196 2914 Vll

172 2927 245 2983 idus
264 2927 367 2984 Maias
386 2931 485 2983 Leone
503 2928 580 2998 Aup.
599 2928 679 2998 111[1
694 2930 722 2982 et
740 2926 894 2982 Probiana
913 2945 942 2982 a.
962 2929 996 2998 3.]
1017 2944 1113 2984 conss.
1138 2946 1190 2984 ne-

174 3015 234 3069 que
258 3001 338 3054 enim
362 3002 451 3055 tertio
475 3000 587 3055 Leonis
610 2998 690 3069 Aug.
715 3000 876 3053 consulatu
899 3002 937 3063 (a.
954 3000 1018 3068 466)
1042 3001 1189 3070 seriptum

174 3086 240 3126 esse
259 3072 379 3125 titulum
399 3071 452 3126 sed
472 3075 580 3140 quarto
600 3072 619 3124 i.
638 3086 718 3124 anno
738 3070 790 3124 471
810 3071 953 3139 probauit
971 3072 1104 3127 Rossins.
1135 3071 1189 3126 Fe·

173 3141 216 3195 lix
235 3157 304 3196 cum
322 3140 482 3197 Adeodato
502 3145 588 3196 iussu
606 3140 718 3196 Leonis
737 3142 843 3211 pontif.
862 3142 1019 3196 basilicam
1036 3143 1125 3196 Pauli
1143 3158 1191 3197 re-

173 3214 277 3280 stituit,
298 3218 386 3282 pater
404 3214 484 3268 idem
503 3213 611 3268 Felicis
630 3212 674 3265 ΙΙΙ
693 3213 800 3282 pontif.
820 3216 849 3266 et
868 3219 979 3267 atauus
995 3213 1137 3284 Gregorii
1149 3213 1188 3268 M.

220 3285 423 3354 subscriptum
443 3301 533 3354 porro
553 3282 689 3338 Martius
708 3282 808 3338 dulcis
826 3281 909 3338 uiuit
926 3300 998 3338 ann.
1018 3285 1123 3339 11131.
1147 3284 1192 3341 VI

171 3531 546 3618 Panditu1·hieadi[tus
593 3585 600 3600 .
643 3428 706 3601 wi
793 3586 801 3602 .
893 3586 901 3602 .
