2646 3884
158 153 200 208 46
627 165 718 205 ramur

161 313 399 379 Monumentum
422 312 546 397 apsolui
570 318 603 377 et
624 313 769 398 impensa
792 333 875 396 mea,

163 419 269 485 amica
293 419 403 485 Tellus
425 424 461 483 ut
484 417 540 484 det
562 419 737 504 hospitium
760 420 893 503 ossibus,

131 526 247 609 squod
270 546 379 592 omnes
402 533 517 609 rogant
540 525 599 591 sed
621 526 732 591 felices
754 525 961 610 impetrant‘

161 655 236 699 nam
259 633 336 716 quid
359 634 524 717 egregium
547 632 666 715 quidue
690 632 880 717 cupiendum
904 639 953 700 est
975 637 1079 720 magis

162 761 257 825 quam
280 742 342 807 ube
364 741 467 806 lucem
491 740 650 806 libertatis
673 741 847 825 acceperis,

159 848 279 914 lassam
302 854 452 914 senectae
475 846 620 932 spiritum
644 846 690 912 ibi
714 846 898 931 deponere?

158 953 248 1037 quod
270 954 449 1019 innocentis
471 953 598 1036 signum
621 961 670 1018 est
692 955 875 1019 maximum.

234 1112 306 1167 CIL.
320 1113 360 1166 VI
373 1112 443 1166 9632
462 1128 501 1166 ex
521 1113 648 1167 schedis.
685 1111 747 1166 AL.
760 1112 926 1168 Burmanni
946 1115 987 1169 IV
999 1115 1043 1179 30,
1062 1115 1176 1184 Meyeri

163 1184 232 1237 1181
351 1183 466 1237 Romae
596 1186 817 1253 praescriptum
835 1186 870 1238 L.
896 1184 1034 1240 Valerius
1051 1187 1176 1241 Zabdae

157 1253 341 1309 mercatoris
367 1253 501 1308 cerealici
525 1254 659 1308 idries.
694 1255 802 1309 dextra
827 1256 910 1325 lynx,
939 1259 1061 1312 sinistra
1085 1273 1177 1327 caper

163 1326 275 1380 rodens
297 1328 392 1379 uitem
416 1327 504 1380 fictus
528 1331 602 1380 erat.
639 1327 756 1380 iambos
776 1325 912 1397 Scaliger
941 1329 1051 1399 dignos
1070 1328 1177 1384 'existi-

158 1411 261 1450 masse
279 1398 376 1450 fertur
394 1400 499 1451 uetere
518 1403 609 1465 poeta
629 1398 743 1452 comico

235 1469 250 1521 1
270 1467 287 1521 2
306 1467 395 1521 Ouidi
416 1468 563 1521 distichon
584 1484 623 1521 ex
641 1469 778 1522 tristibus
791 1469 805 1521 l
819 1469 861 1536 11,
872 1469 905 1523 11
919 1471 972 1523 ubi
986 1472 1094 1539 stupor
1106 1469 1177 1526 braic

159 1543 193 1593 et
212 1554 289 1591 cura
306 1554 393 1592 mens
412 1538 548 1592 releuota
567 1545 612 1593 est
721 1540 738 1592 3
757 1542 860 1594 11111111
878 1543 906 1593 11
925 1540 1066 1609 impensa
1087 1543 1177 1596 inter-

161 1609 298 1679 polatum
319 1613 364 1663 est
383 1609 448 1663 siue
467 1611 661 1664 emendatum
680 1613 712 1663 in
732 1612 836 1665 codice
855 1611 1107 1678 Ρ1111.111.8951,
1127 1629 1177 1682 po·

161 1685 221 1734 test
240 1677 363 1749 apsolui
381 1681 436 1734 boc
454 1696 548 1750 opera
561 1683 589 1734 et
688 1682 705 1735 5
724 1684 831 1750 optarit
850 1684 915 1736 cod.
927 1683 1021 1737 Paris.
1040 1682 1178 1753 repitent

159 1750 300 1821 Scaliger
404 1752 421 1806 6
441 1753 539 1807 scribe
558 1750 716 1822 pisidiam
735 1751 891 1823 epi-epium
999 1754 1015 1807 l
1034 1756 1176 1809 emenda·

162 1823 245 1877 bitur
264 1822 304 1876 ad
322 1823 405 1876 hunc
422 1824 546 1878 modurn
560 1840 654 1894 qaam
667 1825 763 1879 lacem
776 1823 930 1879 libertatis·
938 1826 995 1880 ube
1008 1827 1041 1878 111
1054 1842 1177 1894 11111111-

158 1890 210 1947 ris
223 1895 405 1949 antitheti.
418 1893 555 1962 primam
568 1911 594 1949 a.
608 1896 662 1950 sed
676 1896 859 1965 deprauauit
871 1912 1014 1951 numeros
1028 1896 1177 1953 libertatis

160 1966 275 2019 mentio
290 1966 410 2020 adiecta
423 1967 454 2019 in
467 1966 607 2021 libertino
691 2027 693 2031 ¹
708 1968 725 2021 8
739 1968 855 2021 lassam
867 1983 930 2022 non
943 1969 1087 2022 conuenit
1099 1972 1176 2037 uiro,

160 2036 269 2090 debuit
288 2038 378 2091 scribi
397 2038 515 2091 lassum
538 2043 591 2091 aut
616 2053 685 2092 cum
703 2038 834 2093 Grutero
854 2039 940 2106 637,5
959 2040 1059 2093 lassae

186 2108 202 2161 9
221 2110 437 2177 arqumeatam
456 2109 522 2162 cod.
541 2108 636 2163 Paris.
655 2110 734 2163 malo
754 2110 833 2163 adici
852 2108 977 2180 1191111111
994 2109 1077 2165 uitae

647 2262 768 2352 so'

159 2410 289 2477 Labore
313 2418 346 2476 et
369 2432 445 2477 cura
467 2414 559 2477 uiuos
581 2412 702 2497 perfeci
726 2413 810 2477 hanc
833 2412 971 2495 domum,

159 2517 221 2584 sed
245 2518 313 2582 filio
337 2525 412 2583 ante
435 2517 510 2582 huic
533 2518 653 2583 homini
676 2518 915 2601 iucundissimo,

162 2624 275 2710 paraui
299 2625 399 2690 tribus
421 2626 484 2690 ube
508 2645 581 2691 ossa
604 2632 713 2691 nostra
737 2625 990 2708 adquiescerent.

162 2752 246 2797 mors
269 2752 320 2797 me
344 2732 547 2816 adsequetur,
571 2739 647 2798 tunc
669 2733 747 2798 mihi
770 2732 914 2799 demetur
938 2734 1038 2801 dolor.

134 2839 268 2904 sualete
292 2848 325 2904 et
347 2860 504 2905 memores
527 2841 605 2905 estis
627 2841 782 2925 pietatem
805 2841 916 2925 patris.

233 2996 306 3052 CIL.
325 2998 368 3052 IX
386 2998 458 3053 3895
481 3000 577 3053 descr.
597 2998 770 3053 Mommsen.
789 2997 851 3054 AL.
870 3000 1037 3055 Burmanni
1058 3001 1098 3054 IV
1111 3001 1174 3069 235,

162 3068 276 3138 Meyeri
290 3070 361 3123 1342
456 3086 551 3151 prope
564 3068 712 3125 Antinum
725 3071 902 3125 Marsorum.
922 3088 1015 3141 supra
1028 3074 1172 3141 scriptum

166 3141 196 3194 T.
215 3138 349 3195 Peticius
367 3142 402 3194 L.
420 3141 444 3209 f.
467 3140 646 3212 Obtrurpus.
685 3144 782 3196 oratio
802 3144 874 3197 satis
894 3144 1049 3197 incondita

233 3211 250 3265 2
269 3214 359 3281 atque
378 3210 448 3267 braic
466 3212 681 3267 Lachmannus
699 3221 734 3267 ut
757 3219 818 3268 tres
843 3216 885 3268 illi
904 3216 1019 3269 fuerint
1037 3219 1124 3284 pater
1143 3220 1173 3268 11

159 3282 241 3336 filius
270 3288 300 3337 11
322 3299 431 3338 seruus
457 3284 578 3338 domino
604 3300 700 3338 carus.
738 3286 817 3353 patri
841 3292 870 3339 et
895 3291 929 3338 ut
954 3287 1061 3354 opinor
1084 3287 1173 3339 matri

159 3354 345 3408 destinatum
365 3355 546 3424 sepulcrum,
566 3371 635 3409 cum
654 3356 733 3409 filius
753 3361 824 3410 ante
843 3363 980 3410 mortuus
1001 3362 1087 3423 esset,
1112 3357 1172 3409 iam

160 3431 301 3495 paratum
321 3428 418 3480 tribus
438 3431 503 3481 erat
602 3427 619 3479 3
639 3424 870 3496 adquiescerent
888 3428 920 3480 in
940 3432 1085 3495 quattuor
1104 3443 1173 3481 con-

158 3498 239 3550 trahi
249 3498 381 3566 syllabas
393 3499 510 3552 ostendi
522 3499 651 3567 primum
663 3500 695 3551 in
706 3497 892 3553 Fleckeiseni
906 3499 1009 3552 annali
1019 3498 1089 3554 1858
1099 3515 1127 3568 p.
1138 3498 1173 3554 69

158 3570 343 3637 comparatis
363 3585 442 3639 quae
461 3571 492 3623 in
511 3571 577 3624 aliis
591 3571 776 3623 carminibus
795 3571 935 3625 binarum
955 3575 1025 3623 sunt
1044 3571 1173 3640 syllaba·
