2646 3884
155 148 199 202 44
624 164 715 203 mum

156 308 338 433 emendatrrit
348 308 519 432 {lenterius
533 310 634 363 hiatus
648 311 734 364 estin
745 325 879 365 caesura.
894 311 1045 380 posterius
1059 325 1177 364 comma

159 394 286 434 recurre
318 396 349 432 rn
364 396 399 433 ra

648 489 691 552 84

155 610 251 694 Lege
273 632 367 694 nunc,
391 612 505 695 uiator,
529 632 644 677 nomen
667 612 700 675 in
724 612 816 676 titulo
840 631 954 677 meum.

156 719 345 784 memoriam
369 719 487 785 habeto
511 739 581 785 esse
605 719 689 784 hano
711 720 877 784 mortalem
902 719 1040 784 domurn.

157 826 267 891 ualete
291 827 333 890 ad
357 846 499 910 superos.
532 826 640 891 uiuitis
663 827 763 890 uitam
787 834 961 911 optumam,

155 932 188 997 si
211 951 262 997 me
285 931 469 1015 sequimini:
494 931 591 1016 uix]si
616 932 700 1016 [egle
725 931 799 996 dnm
823 933 910 997 uolui
932 933 1025 998 bene.

232 1070 304 1127 CIL.
324 1073 350 1127 V
368 1074 439 1128 4078
547 1073 691 1128 Mantuae
799 1076 1020 1145 praescriptum
1033 1072 1175 1130 Minius

152 1143 183 1213 f.
201 1142 408 1214 faeliundum]
429 1161 492 1199 cur.
1190 1189 1193 1193 .

232 1215 249 1268 2
268 1215 367 1270 hiatus
386 1217 418 1269 in
438 1232 573 1270 caesura.
605 1232 702 1270 sermo
722 1221 914 1287 metrumque
934 1218 1097 1287 corrigitur
1116 1218 1174 1272 hoe

159 1286 250 1340 modo
270 1287 375 1340 habeto
394 1285 428 1340 in
447 1284 594 1342 memoria
705 1287 724 1340 4
742 1295 810 1357 post
829 1289 971 1342 lacunam
990 1293 1020 1343 et
1038 1287 1067 1342 si
1084 1290 1174 1342 inter·
1201 1340 1209 1356 ,

157 1359 292 1438 positum
302 1357 487 1413 Mommseno
507 1358 668 1428 spatiolum
687 1359 860 1424 uidebatur,
874 1375 899 1427 p
920 1366 1022 1413 autem
1039 1360 1089 1413 uel
1107 1376 1126 1412 r
1144 1365 1174 1414 et

156 1426 254 1552 piiuel
272 1429 293 1480 lt
312 1435 383 1482 ante
402 1445 427 1483 o.
456 1445 624 1498 pronomen
643 1431 738 1498 igitur
751 1431 810 1484 alio
829 1431 982 1484 uocabulo
1002 1436 1174 1500 permutan-

182 1514 234 1552 um
253 1500 310 1552 erit

645 1609 688 1672 85

156 1732 280 1796 Decem
304 1738 337 1798 et
360 1739 433 1797 octo
456 1753 610 1797 annorum
632 1738 728 1798 natus
751 1732 818 1797 uixi
841 1740 877 1797 ut
899 1734 989 1817 potui
1013 1734 1104 1816 bene,

153 1844 269 1922 gratus
291 1841 418 1923 parenti
441 1846 538 1923 atque
561 1840 673 1906 amieis
697 1840 852 1907 omnibus.

155 1945 284 2030 ioceris,
308 1947 401 2013 ludas
425 1947 549 2012 hortor:
574 1948 628 2012 hio
651 1968 773 2013 sumina
796 1956 845 2013 est
868 1947 986 2013 senerit
1008 1968 1033 2014 s.

231 2087 302 2143 CIL.
321 2088 362 2143 VI
382 2089 469 2142 16169
497 2088 575 2141 uidit
597 2088 731 2155 Henzem
759 2089 867 2142 Marini
890 2088 964 2143 Aru.
990 2106 1019 2158 p.
1038 2089 1092 2143 564
1118 2090 1173 2143 ubi

153 2175 258 2214 aanor
277 2162 327 2215 uel
346 2173 500 2214 annorum
517 2161 610 2213 natus
629 2161 788 2213 formulam
813 2175 874 2228 qua
894 2166 979 2213 aetas
1000 2162 1111 2213 mortui
1129 2161 1173 2214 in-

154 2233 313 2285 dicaretur
331 2247 479 2300 perquam
497 2232 640 2284 usitatam
660 2232 753 2285 tuisse
772 2229 964 2299 Scipionibus
987 2236 1079 2299 atque
1098 2232 1173 2284 anti·

156 2304 236 2372 quis,
255 2304 474 2372 posterioribus
494 2303 567 2355 satis
586 2303 738 2356 insolitam
757 2302 892 2355 declarat
1009 2303 1096 2355 arula
1115 2301 1172 2355 Ro-

155 2389 249 2428 mana
269 2375 374 2428 litteris
393 2376 523 2443 optumis
542 2375 687 2442 inscripta
703 2388 786 2426 nunc
806 2374 837 2425 in
852 2387 956 2425 museo
972 2371 1171 2426 Kircheriano

258 2446 414 2514 praecedit
437 2444 488 2498 Gn.
505 2443 662 2499 Cornelius
683 2444 734 2515 Cra
751 2441 937 2513 Mapoura)
957 2443 1085 2510 Bassus,
1104 2445 1173 2498 sub-

153 2517 296 2585 sequitur
310 2514 418 2583 posuit
436 2516 627 2570 Fortuaatus
646 2516 773 2583 sericos)

230 2589 245 2640 1
269 2603 395 2641 numero
419 2602 569 2640 annorum
594 2589 749 2640 turbatum
775 2602 841 2640 esse
865 2591 994 2639 metrum
1013 2586 1172 2655 probabile

155 2662 211 2722 est,
232 2658 273 2711 illi
293 2659 440 2728 principio
461 2659 545 2712 licuit
564 2660 734 2727 adiungere
754 2656 825 2711 eieci
843 2659 893 2711 sat
911 2658 982 2710 bene
1086 2658 1102 2710 2
1122 2674 1173 2728 po·

156 2731 215 2784 tuit
232 2730 324 2782 uitari
343 2731 443 2783 hiatus
462 2731 505 2782 sie
520 2727 646 2796 parenti
664 2731 773 2799 pratus
873 2729 890 2781 3
912 2728 1072 2782 abundant
1091 2729 1171 2783 duae

152 2800 292 2869 syllabae
311 2800 396 2854 uelut
414 2802 519 2854 hortor
626 2798 674 2854 liic
693 2802 721 2862 (i.
735 2799 817 2868 apud
831 2800 956 2866 inferos)
976 2800 1171 2854 scribendum

156 2872 301 2942 proposui
327 2873 423 2925 musei
447 2872 530 2925 rhen.
550 2872 584 2926 27
604 2889 632 2941 p.
652 2872 712 2936 127,
737 2870 786 2925 lais
810 2872 889 2925 enim
914 2870 1060 2924 Marinius
1088 2871 1173 2925 exhi·

156 2944 274 3008 buerat,
294 2946 387 3011 atque
407 2941 456 2997 liic
480 2943 534 2997 sed
557 2945 588 2996 in
613 2957 673 3012 quo
694 2942 793 2996 media
818 2943 918 2996 littera
939 2944 953 2993 l·
972 2944 1010 2996 sit
1029 2944 1061 2994 in
1081 2944 1171 3011 cippo

152 3015 302 3082 scriptum
326 3014 489 3068 Henzenus
515 3018 653 3068 testatur.
695 3016 753 3067 ista
778 3015 878 3067 littera
904 3016 1006 3067 nescio
1036 3028 1076 3066 an
1102 3015 1172 3082 imp.

153 3083 276 3139 Claudii
295 3090 426 3139 aetatem
445 3086 556 3154 prodat

644 3213 687 3276 86

156 3335 241 3400 Irilia
263 3335 371 3402 Erotis
394 3335 513 3401 femina
537 3338 658 3421 optima
682 3336 736 3400 hic
759 3336 861 3400 sitast.

154 3443 276 3507 nullum
300 3442 442 3508 dolorem
465 3443 507 3508 ad
531 3444 649 3509 inferos
672 3443 795 3507 meeum
820 3442 888 3522 tull,

155 3548 226 3615 uiro
250 3557 282 3616 et
304 3552 439 3636 patrono
463 3553 571 3637 placui
594 3558 626 3617 et
649 3550 775 3616 de'cessl
798 3550 895 3634 prior.
