2646 3884
595 124 722 164 sarran
1129 113 1165 168 33

148 273 231 327 hane
249 287 387 326 nornram
406 272 532 340 exigere
550 285 659 324 uersus
678 271 786 340 lapidis
812 270 995 340 (properans
1013 270 1119 327 resiste
1138 274 1166 327 et

144 344 270 413 perlepe
289 343 369 396 dunc
381 340 503 397 titulum
515 345 625 407 meum)
644 342 787 396 abhorret
804 358 822 395 a
839 345 1053 413 probabilitate
1072 345 1165 411 uisus,

150 430 209 469 neo
235 415 334 467 minus
360 414 547 483 dispungere
570 414 609 467 do
636 411 703 466 mei.
741 414 831 467 immo
852 420 997 483 quattuor
1022 415 1166 469 uersiculi

150 486 248 552 fuere,
276 487 391 554 primus
410 484 494 538 uelut
513 485 570 538 itae
587 499 727 553 pressum
746 482 802 553 qui
820 482 905 552 citae,
930 487 1006 541 alter
1025 487 1166 541 desinens

151 556 287 610 adhunc
306 556 428 610 modurn
442 570 538 625 usque
557 556 711 609 modestus
733 554 824 623 domi,
845 562 971 624 quartus
990 557 1077 612 uelut
1095 573 1166 627 quo·

151 625 239 682 niam
258 627 277 680 l.
296 625 452 680 inmaturo
470 629 580 694 raptus
599 642 668 680 sum
683 624 771 695 patri

223 699 241 751 2
259 714 334 751 num
349 739 354 752 .
369 737 375 752 .
390 699 491 768 potius
510 698 626 752 Nissen.
650 699 748 767 potuit
766 713 936 768 numquam
955 696 1012 751 ulli
1031 700 1166 765 acerbata,

150 768 258 824 mullis
277 767 392 839 aliquus
409 767 530 839 fletibus

639 895 682 959 62

151 1021 322 1085 Parentem
345 1020 462 1101 amani,
487 1039 550 1102 qua
572 1019 651 1084 mihi
674 1020 735 1084 fuit
758 1040 884 1104 parens,

151 1128 256 1191 uirum
279 1128 404 1212 parenti
427 1127 594 1211 proxumo
619 1126 702 1191 uolui
726 1127 807 1191 loeo.

153 1233 200 1298 ita
223 1241 313 1298 easta
334 1235 442 1298 ueitae
466 1233 609 1298 constitit
631 1233 726 1316 ratlio
750 1253 852 1298 meae.

153 1340 278 1405 ualebis
300 1339 428 1424 hospes,
452 1340 555 1422 ueiue,
580 1340 640 1405 tibi
664 1340 727 1418 iam
753 1340 847 1423 [mors
870 1340 969 1405 uenit.

227 1515 299 1571 CIL.
319 1517 361 1570 IX
379 1516 451 1570 4922
470 1532 509 1570 ex
528 1517 647 1571 schedis
667 1515 766 1570 Amati
901 1517 1048 1571 Massaooi
1067 1518 1098 1569 in
1117 1515 1168 1571 Sa·

154 1589 233 1641 binis
261 1588 423 1654 (Trebulae
449 1587 636 1655 Mutuescae)
797 1590 1018 1657 praescriptum
1047 1586 1168 1641 Manlia

154 1660 189 1712 L.
207 1658 232 1728 f.
253 1657 390 1727 Sabdata.
422 1660 538 1712 iambos
557 1659 760 1713 Mommsenus
780 1660 916 1727 agnouit.
946 1674 1092 1712 uersuum
1112 1659 1169 1713 dis·

155 1731 336 1799 positionem
365 1731 416 1798 qui
444 1731 634 1799 transcripsit
662 1732 835 1783 immutauit
862 1745 963 1798 neque
989 1731 1169 1783 lacunarum

154 1802 304 1855 rationem
318 1801 425 1854 habuit
444 1800 596 1868 (feruntur
605 1816 751 1869 promum.
775 1799 820 1853 ita
839 1806 869 1854 et
881 1803 939 1853 rat.
952 1799 1089 1868 natabis).
1115 1802 1169 1854 ita·

156 1887 215 1941 que
234 1878 363 1925 metrum
383 1875 506 1925 secutus
525 1887 638 1940 graeca
657 1873 726 1941 lege
748 1872 919 1925 institutum
944 1874 1057 1941 primos
1076 1874 1168 1926 uersi-

156 1943 240 1996 culos
269 1944 356 1996 aliter
385 1944 523 2012 discripsi
554 1958 590 1996 ao
608 1941 811 1997 Mommsenus
840 1944 892 2011 qui
913 1947 923 1994 1
948 1949 1111 1998 exeuntem
1137 1946 1168 1995 in

152 2011 217 2083 fuit
231 2054 237 2066 .
251 2054 258 2067 .
272 2054 287 2080 .‚
307 2014 324 2066 2
343 2015 536 2083 incipientem
558 2030 576 2066 a
591 2029 709 2082 parens
729 2015 801 2067 fecit

227 2086 242 2138 1
262 2087 294 2137 in
314 2086 454 2154 exemplo
474 2090 563 2154 putes
582 2087 677 2139 fuisse
696 2086 781 2155 quad
799 2084 877 2140 milri
895 2084 1074 2156 materfuit

154 2156 173 2209 4
191 2162 260 2226 post
278 2154 342 2209 iam
360 2157 479 2209 initium
498 2156 617 2210 litterae
637 2157 735 2226 qualis
756 2173 787 2210 m
806 2159 864 2210 fuit
884 2158 1013 2211 traditur

641 2336 683 2399 63

155 2459 282 2543 Hospes
305 2460 417 2523 resiste
441 2466 473 2523 et
497 2460 650 2523 tumulum
675 2459 759 2523 huno
783 2459 944 2524 excelsum
967 2458 1101 2544 aspide,

156 2585 218 2648 quo
243 2565 443 2630 eontinentur
466 2586 540 2631 ossa
562 2586 682 2651 paruae
706 2566 879 2630 aetatulae.

156 2672 282 2755 sepulta
304 2671 465 2753 heic-sita
488 2693 567 2755 sum,
592 2693 690 2737 uerna
715 2674 829 2755 quoius
852 2672 1005 2737 aetatula.

156 2777 349 2862 grauitatem
373 2779 478 2843 officio
502 2786 535 2842 et
557 2779 696 2843 lanificio
720 2780 896 2864 praestitei.

134 2905 271 2967 squeror
294 2885 440 2950 fortunae
465 2905 589 2950 cassum
613 2893 679 2950 tam
703 2886 845 2968 iniquom
869 2893 901 2951 et
924 2885 1078 2969 grauelm.

156 3011 272 3056 nomen
295 2992 322 3057 si
346 3011 492 3074 quaeras,
517 2993 680 3058 exoriatur
703 2992 844 3058 Saluiae.

156 3098 279 3163 ualebis
303 3098 430 3183 hospes,
455 3104 530 3182 opto
555 3106 590 3162 ut
613 3100 676 3164 seis
699 3098 833 3164 felicior.

229 3256 341 3312 cmv
360 3258 430 3312 6808
449 3255 562 3311 Gruter
575 3257 672 3325 ntur
691 3273 730 3311 ex
750 3257 855 3312 codice
867 3257 1005 3311 Palatino
1025 3258 1079 3311 ubi
1097 3259 1170 3328 legi·

156 3336 206 3382 tur
225 3334 294 3397 post
312 3329 415 3383 titulos
434 3328 664 3398 Eporedienses,
683 3328 828 3382 Romanis
848 3326 960 3383 Gruter
979 3329 1125 3382 adtribuit

257 3401 514 3470 suprascriptum
536 3399 565 3454 0.
585 3399 704 3469 Payurt'
725 3399 753 3454 0.
773 3401 791 3452 l.
808 3399 925 3454 Gelotes
944 3400 1023 3469 (legs
1044 3397 1169 3464 Gelolis)

228 3470 367 3524 duersui
393 3487 484 3539 quam
509 3474 656 3525 sermonis
679 3472 799 3541 gratiae
826 3471 996 3525 consultum
1014 3472 1108 3525 rnalui
1128 3486 1170 3524 se·

151 3542 244 3610 pulta
264 3542 406 3596 dirimens
435 3543 475 3595 ab
495 3543 621 3596 ossibus.
646 3544 683 3596 'in
711 3544 914 3596 monumentis
941 3542 1073 3597 uerbosa
1096 3542 1170 3596 talia

211 3628 315 3674 Anthol.
329 3628 373 3672 lat.
388 3630 413 3672 11
992 3631 1009 3685 3
