2650 3882
556 172 744 211 meammurtl

615 337 681 401 472

137 480 203 547 Hie
227 482 306 546 situs
329 485 378 546 est
400 480 533 562 iuuenis,
558 478 660 564 primo
685 479 740 561 qui
762 477 841 543 flore
864 479 1014 543 iuuentae

138 585 322 673 impauidus
345 586 457 651 Martis
481 584 589 667 dumq.
614 584 844 669 au[den]s·iret
867 585 901 650 in
923 584 1035 663 hostis,

141 692 251 758 inuida
274 694 447 758 Parcarum
471 712 597 777 semper
620 691 667 757 sie
690 712 792 777 prona
815 691 963 756 uoluntas

141 801 310 885 oppressit.
345 797 550 864 memorande
572 797 670 881 isoes,
694 799 834 881 Ianuari,
858 798 1015 882 sepuloro,

115 908 188 972 asie
212 907 300 989 felix,
325 912 402 989 quot
425 905 521 970 humo
545 911 578 970 te
601 913 704 970 mater
726 903 909 971 miseranda
931 903 1086 970 recondit.

213 1082 286 1138 CIL.
304 1082 376 1136 VIII
388 1081 459 1134 9142
478 1081 604 1135 eontulit
616 1081 784 1135 Wilmanns
803 1082 923 1136 titulum
942 1082 1072 1150 spissum
1091 1082 1156 1135 iun·

143 1156 235 1207 eturis
254 1154 423 1208 litterarum
443 1167 480 1205 ao
500 1152 656 1219 difficilem,
681 1153 759 1206 male
779 1152 916 1206 ediderat
934 1152 1046 1206 Renier
1065 1154 1155 1207 inser.

141 1224 210 1294 Alg.
229 1225 300 1278 3589
418 1221 535 1276 Anniae
656 1223 852 1292 subsequitur
873 1220 1032 1277 Gemiraa‘us
1056 1221 1156 1278 Victor

137 1293 238 1366 fratri
262 1292 422 1350 carissimo
445 1292 520 1362 feeit
543 1291 776 1364 dedicauitque:
800 1292 904 1359 utrobi)
929 1311 979 1348 aa.
1000 1294 1154 1361 XXXXV,

143 1366 183 1420 ad
203 1367 354 1420 sinistram
373 1365 519 1418 adhaeret
534 1365 563 1418 d.
574 1366 616 1418 M.
629 1381 654 1418 r.
669 1363 801 1435 Mupraia
813 1363 934 1418 Ancilla
954 1368 981 1419 et
996 1363 1155 1419 Geminius

140 1438 257 1500 Nabor,
277 1438 313 1490 de
333 1452 436 1490 eorum
455 1435 610 1490 Sertorius
629 1439 657 1490 et
673 1434 826 1489 ianuario
843 1435 990 1505 fecererat.
1019 1437 1091 1490 satis
1104 1437 1156 1491 bo·

142 1524 215 1563 uum
236 1523 358 1562 carmen
378 1507 501 1561 aliunde
521 1507 683 1561 adscitum:
711 1508 818 1561 uitium
843 1510 916 1561 feeit
939 1509 1068 1561 nomiuis
1089 1524 1156 1577 pro·

141 1582 201 1650 prii
219 1579 412 1648 interpolatio
431 1579 489 1632 u.4
509 1579 574 1648 (pro
595 1578 798 1643 taliDeotute)
817 1584 847 1633 et
861 1579 996 1632 clausula
1010 1578 1069 1632 ub
1089 1579 1155 1648 (pro

143 1651 196 1705 tali
215 1654 242 1704 te
261 1653 359 1704 mater
378 1649 482 1703 eonda't
501 1647 611 1713 amieo)

214 1722 232 1774 2
251 1723 325 1775 dum
343 1724 452 1775 cautus
472 1721 609 1775 ediderat
619 1720 692 1774 Ren.
706 1724 760 1774 -tu-
773 1721 805 1774 ln
823 1721 924 1790 lapide
943 1736 1009 1775 esse
1028 1721 1156 1791 negauit

141 1793 241 1847 Wilm.
262 1793 337 1847 dum
355 1793 494 1862 paederos
513 1791 678 1846 Mommsen
698 1793 769 1845 feeit

618 1971 684 2035 473

142 2116 270 2199 Raptus
294 2134 355 2198 ego
379 2114 502 2199 superis
525 2114 732 2198 patribusque
756 2113 882 2179 ablatus
906 2114 1026 2195 inique,

147 2241 218 2287 eum
241 2220 304 2285 frui
328 2219 500 2285 debueram
525 2227 633 2285 aetate
656 2219 772 2285 florida
795 2220 877 2303 luae,

145 2327 196 2392 his
218 2328 384 2410 requiesco
408 2327 497 2410 loeis,
522 2328 622 2392 uitam
646 2326 698 2391 eui
722 2326 790 2391 fata
813 2333 981 2409 negarunt.

144 2435 355 2519 praeeipitem
378 2440 496 2498 memet
519 2434 626 2517 superi
649 2452 788 2498 mersere
811 2433 870 2498 sub
895 2433 985 2497 aulas

119 2561 185 2606 sae
208 2541 329 2605 tumulo
354 2539 478 2604 elusere
501 2541 603 2623 graui.

146 2667 221 2712 usus
245 2653 277 2711 et
300 2666 415 2728 arsque
438 2645 517 2710 mihi
541 2645 646 2711 fuerat
669 2645 812 2711 studioso
838 2645 934 2712 eorde
958 2651 1098 2731 reperta,

145 2754 286 2818 maxima
299 2751 532 2837 quadripedum
546 2772 632 2834 eura,
649 2752 757 2817 studia
774 2772 900 2835 quoque
915 2753 1010 2838 plura
1026 2752 1161 2817 fuerunt.

145 2861 274 2944 ingenio
298 2879 424 2943 semper
446 2859 569 2943 plenus,
593 2859 755 2943 probitate
778 2860 902 2942 beatus,

145 2975 180 3033 ut
205 2965 366 3050 quandoq.
390 2966 483 3031 simul
506 2967 653 3051 patribus
675 2965 765 3030 finito
790 2967 907 3030 lumine
931 2965 1018 3030 uitae

111 3101 138 3139 ιο
147 3075 293 3140 manibus
316 3073 366 3138 his
389 3073 488 3155 quieti
512 3072 633 3156 pariter
656 3071 851 3138 sociauimur
872 3092 946 3136 una.

149 3182 283 3264 quisque
306 3180 398 3263 legis,
423 3179 543 3245 doleas.
581 3178 706 3244 deuites
729 3180 808 3244 talia
831 3178 909 3243 fata.

219 3354 331 3411 Gruter
352 3355 449 3422 65112
477 3357 528 3425 qui
547 3355 718 3410 Romanum
744 3356 863 3408 titulum
885 3355 969 3420 dixit,
994 3360 1039 3409 est
1063 3360 1166 3408 autem

148 3427 322 3482 Mediolanii
346 3433 485 3497 repertus
509 3442 610 3495 neque
635 3427 697 3479 iam
721 3431 830 3490 exstat,
857 3425 929 3481 CIL.
949 3426 974 3479 V
993 3426 1072 3481 6128.
1103 3425 1166 3479 AL.

148 3497 315 3552 Burmanni
333 3497 374 3551 IV
394 3498 436 3565 10,
456 3498 571 3568 Meyeri
591 3498 661 3551 1164
763 3497 918 3566 praeeedit
939 3496 970 3559 Q.
995 3496 1060 3553 Vira'
1079 3497 1165 3553 Seue·

148 3566 229 3622 adai:
248 3566 331 3622 Attia
350 3567 500 3625 Sedetana
519 3572 547 3623 et
567 3568 598 3632 Q.
623 3567 727 3624 Virtus
742 3568 863 3623 Onasus
882 3572 1038 3638 parentes,
1064 3570 1167 3623 subse-
