2646 3884
612 144 740 185 snuaan
1146 133 1179 188 19

237 288 310 344 CIL.
328 288 357 342 X
378 289 447 343 1709
465 289 543 343 uidit
562 289 735 357 Mommsen,
756 291 804 346 Or.
823 291 949 347 Henuen
968 292 1058 348 6448a

169 360 306 415 Puteolis
324 364 453 427 erutum,
473 362 606 415 nuncin
625 376 730 415 museo
749 361 950 432 Neapolitano
1065 368 1138 420 ante
1157 365 1202 429 1,

167 432 315 502 leguntur
339 431 457 486 litterae
482 446 576 501 supra
599 433 756 504 mutilatae
777 434 898 488 tucaldo
919 449 998 503 quae
1017 439 1119 489 utrum
1138 436 1179 490 ad

163 503 330 556 clausulam
349 503 476 556 trimetri
491 501 574 570 (illuc
589 503 632 557 ad
650 504 774 558 domm
787 507 862 569 sim.)
876 521 916 558 an
929 506 969 559 ad
987 507 1047 559 uiri
1065 522 1178 562 nomen

162 573 302 628 honorati
329 578 465 642 spectent
492 575 604 628 nescio.
638 588 760 629 carmen
788 577 936 630 contineri
965 577 1067 631 uerbis
1098 593 1178 647 quae

161 649 328 714 supersunt
346 644 477 698 editores
490 660 552 699 non
566 646 846 701 animaduerterunt
859 648 915 701 etsi
927 647 1074 717 pleraque
1091 653 1174 705 recte

163 716 370 769 restituerunt.
389 716 482 769 iambi
502 717 570 784 puri

235 786 324 840 Ideo
346 788 461 855 scripsi,
481 787 566 840 uelut
584 789 615 840 in
635 788 721 841 titulo
742 789 904 843 honorario
918 787 1042 842 Minucii
1060 788 1176 845 Aeterii

163 858 237 910 anni
255 858 308 912 367
327 856 399 912 ClL.
416 857 447 911 X
464 857 536 911 4724
556 860 653 927 prima
671 859 768 912 uerba
792 863 863 913 sunt
879 859 1001 927 fabente
1019 859 1176 918 maiestate

163 926 214 982 dci
408 930 537 983 fortasse
557 928 773 984 Constantinus
791 929 942 985 Maximus
1031 930 1175 1001 3scipio·

162 1014 232 1053 uem
251 1000 508 1133 solentlgpnsules
527 1008 650 1070 gestare
669 1002 700 1054 in
721 1001 870 1070 diptychis
884 1001 1036 1072 (WMeyer
1055 1003 1173 1058 detali.
1196 1046 1199 1051 .

163 1071 288 1124 eburnis
308 1086 335 1139 p.

616 1164 723 1171 —-

647 1267 687 1332 31

164 1390 288 1457 Adesse
310 1392 445 1456 ultorem
469 1391 537 1455 nati
561 1390 634 1474 mle]
659 1391 773 1457 credas
795 1394 872 1458 mci:

163 1497 318 1582 mori]tor.
342 1534 386 1544 -
409 1498 517 1563 Virtus
540 1517 665 1580 nusqua
688 1500 800 1564 terreri
824 1507 940 1585 potest.

236 1637 308 1693 CIL.
327 1637 385 1707 XII
403 1638 482 1705 5687,
492 1639 518 1706 4,
536 1638 691 1693 Froehner
709 1639 859 1709 Philologi
879 1643 976 1712 suppl.
995 1643 1022 1697 V
1039 1661 1068 1713 p.
1088 1644 1123 1698 25

281 1709 453 1763 drausione
465 1711 497 1762 in
510 1711 636 1764 uasculo
657 1711 834 1780 anaglypta
853 1713 886 1765 in
905 1728 966 1782 quo
986 1714 1177 1772 adstantibus

161 1780 209 1834 dis
224 1781 466 1850 congrediuntur
476 1780 622 1835 Hercules
636 1782 754 1835 clauum
774 1786 804 1836 et
816 1782 897 1837 Mars
916 1789 1034 1839 scutum
1049 1787 1177 1842 hastam-

161 1866 223 1920 que
236 1856 352 1906 tenens.
375 1850 478 1906 Martis
492 1852 611 1921 figurae
624 1852 777 1921 adscripta
791 1859 862 1907 sunt
875 1855 972 1924 prima
985 1858 1091 1912 adesse
1109 1861 1176 1926 tor,

162 1922 301 1976 Herculis
314 1931 476 1992 postrema.
504 1923 614 1992 tragici
627 1924 735 1977 coloris
750 1939 859 1978 uersus
872 1928 1002 1996 agnouit
1016 1927 1176 1999 Froehner,

160 1993 282 2047 ulturus
301 1993 381 2048 Mars
399 1994 523 2048 uidetur
543 1993 678 2063 Cycnum
697 1994 791 2048 filium

233 2065 251 2117 2
269 2063 409 2132 moriltor
428 2067 586 2134 proposuit
599 2064 725 2120 Weilius
744 2065 851 2121 Revue
871 2068 908 2122 de
928 2069 1028 2138 philol.
1042 2070 1059 2124 9
1073 2087 1101 2140 p.
1115 2072 1176 2141 103,

161 2136 261 2204 qualis
276 2136 427 2201 ἀρχαισμός
439 2151 553 2206 graues
572 2137 638 2190 illos
657 2138 808 2191 trimetros
824 2154 887 2192 non
902 2139 1035 2209 dedecet,
1055 2157 1177 2211 conpre-

160 2204 258 2274 di]tor
274 2205 347 2261 Leo.
381 2210 481 2276 potest
507 2208 598 2261 etiam
622 2208 752 2261 conuicii
776 2209 891 2278 aliquid
909 2211 1004 2266 fuisse
1025 2213 1177 2270 adiectum

160 2282 197 2330 ut
214 2280 376 2347 erassatur

234 2489 305 2545 CIL.
326 2491 366 2545 IV
380 2490 450 2546 1237
468 2491 609 2560 Pompeis
627 2492 659 2544 in
672 2492 789 2560 pariete
809 2507 825 2546 e

160 2563 276 2616 tionem
303 2577 490 2631 uersumque
508 2561 718 2632 Vergilianum
737 2560 814 2616 Aen.
828 2508 876 2616 {X
894 2563 947 2618 269
975 2564 1176 2622 deformatum

160 2637 309 2756 spicuntur
328 2633 403 2687 haec
427 2649 466 2687 ex
491 2632 670 2689 scholastica
694 2633 824 2688 fortasse
848 2636 1028 2704 tragoediae
1046 2636 1176 2694 lectione

160 2718 181 2757 a
227 2708 291 2758 esta

204 2720 226 2774 g
264 2772 392 2829 uinetis
410 2790 540 2829 merces:
555 2776 695 2844 palmam
710 2775 847 2844 pretium
865 2775 990 2846 ptoricc,

262 2843 410 2900 uictoriae
429 2861 513 2914 mem
532 2862 644 2901 causas

161 2916 200 2969 cf.
220 2912 289 2971 Sen.
308 2917 420 2971 Troad.
438 2917 492 2970 209

849 2493 997 2547 istolicam
1009 2497 1175 2567 praescrip·

645 3025 688 3089 33

160 3146 226 3211 Vbi
248 3167 350 3231 perna
374 3155 467 3214 cocta
491 3156 549 3231 est,
574 3148 601 3213 si
626 3150 781 3214 conuiuae
804 3151 986 3235 apponitur,

161 3273 227 3317 non
249 3261 359 3336 gustat
383 3276 525 3340 pernam,
550 3256 643 3339 lingit
667 3257 763 3321 ollam
787 3263 843 3321 aut
867 3258 1052 3323 caccabum.

234 3394 306 3450 CIL.
324 3396 365 3452 IV
385 3397 462 3465 1896,
482 3396 629 3452 Garrucci
648 3399 735 3467 graff.
755 3399 859 3469 Pomp.
878 3399 940 3452 tab.
958 3399 1000 3454 IV
1018 3400 1035 3453 6

161 3467 194 3519 in
221 3482 342 3520 murum
360 3468 579 3538 Pompeianum
608 3470 737 3524 fortasse
767 3485 806 3524 ex
824 3470 983 3524 Atellanae
1013 3475 1067 3524 aut
1093 3472 1176 3525 mimi

161 3539 308 3592 memoria
327 3541 501 3609 transcripti
519 3555 628 3595 uersus
