2648 3886
567 164 755 204 nuxruurar
1115 149 1171 206 283

226 310 297 366 CIL.
312 310 355 364 III
369 310 467 379 suppl.
483 309 561 376 8836,
583 311 663 364 misit
681 311 752 363 mihi
768 310 940 364 Hirschfeld
1024 325 1026 329 ’
1048 308 1169 366 Salonis

155 384 322 452 composita
342 398 360 435 a
379 381 492 434 Bulieio
512 382 685 505 frapmenta
704 382 813 450 lapidis

227 455 240 506 1
262 455 306 508 sic
318 453 509 507 Bormaimus
528 468 569 505 uo
582 457 670 506 uerat
689 453 852 506 decurrere
871 450 1046 521 Sudeessom
1064 452 1170 520 uatus}

141 526 330 588 Romnae,
358 530 423 577 tum
447 523 593 592 [friaredus
612 522 746 591 Saloab's
769 524 962 578 continuerat
986 523 1170 590 Hirschfeld,

156 601 227 650 ante
251 611 341 664 quam
364 596 490 648 inuento
514 596 602 649 tertio
625 595 734 664 lapidis
758 597 930 665 fragmento
955 596 1104 649 stabilitus
1124 600 1172 648 est

155 668 307 721 ternarius
329 681 475 720 uersuum
501 681 646 720 numerus
670 671 700 719 et
718 668 805 720 istius
824 666 906 720 modi
932 667 1087 719 decursus,
1119 680 1172 719 ars

157 736 249 793 Sossii
269 754 307 792 ex
327 753 357 790 u.
376 737 393 790 3
412 753 474 791 non
493 738 566 790 satis
585 743 678 806 patet,
702 744 826 807 propter
844 738 921 791 uitia
944 738 1091 792 sermonis
1109 752 1171 790 me·

157 809 257 862 dicum
277 809 379 878 potius
399 814 452 862 aut
471 809 592 862 fabrum
611 810 706 862 fuisse
726 810 891 864 credideris

629 1005 695 1071 590

158 1130 288 1195 Zoticus
311 1129 364 1194 hie
386 1149 501 1194 nomen
525 1128 645 1193 nudum
667 1149 848 1212 uanumque
871 1131 1010 1213 reliquit,

157 1238 191 1301 in
215 1237 337 1302 cineres
361 1255 476 1320 corpus
500 1242 532 1300 et
554 1237 588 1299 in
611 1235 744 1301 aethera
766 1238 834 1301 uita
857 1237 962 1303 soluta
986 1245 1044 1302 est.

231 1412 303 1469 CIL.
322 1412 366 1466 IX
378 1411 457 1496 2012,
476 1414 574 1481 periit.
602 1411 664 1467 AL.
677 1413 844 1468 Burmanni
857 1413 898 1468 IV
911 1414 954 1482 31,
974 1413 1089 1484 Meyeri
1103 1413 1175 1468 1187

232 1483 506 1625 11111311111111110101
526 1555 603 1610 alter

637 1717 700 1783 591

162 1842 337 1907 Terrenum
360 1861 485 1926 corpus,
510 1841 658 1907 caelestis
681 1842 811 1926 spiritus
834 1843 867 1905 in
890 1862 952 1924 me,

162 1968 224 2030 quo
248 1955 414 2033 repetente
438 1969 528 2014 suam
551 1948 661 2013 sedem
684 1968 769 2013 nunc
791 1948 928 2013 uiuimus
951 1947 1028 2031 illic,

163 2062 195 2120 et
217 2055 331 2120 fruitur
353 2057 477 2139 superis
500 2061 631 2119 aeterna
654 2055 686 2118 in
709 2054 780 2119 luce
803 2054 958 2119 Fabatus.

235 2230 308 2286 CIL.
326 2230 369 2284 XI
388 2231 458 2285 3963
478 2231 572 2285 deser.
593 2230 755 2285 Bormann.
788 2229 850 2284 AL.
869 2230 1036 2284 Burmanni
1055 2228 1096 2284 IV
1114 2229 1177 2296 202,

162 2303 277 2372 Meyeri
297 2303 367 2357 1316
509 2304 541 2355 in
560 2318 636 2371 agro
657 2301 803 2371 Capenati
823 2317 919 2371 prope
939 2300 1063 2357 Soracte
1083 2301 1126 2367 (in
1147 2299 1175 2354 S.

163 2373 287 2428 Abundi
306 2375 362 2428 sub
383 2371 542 2437 Ariniano)
650 2374 871 2442 praescriptum
888 2373 916 2427 0.
935 2371 1039 2427 Clodio
1059 2372 1179 2426 Fabato
1226 2423 1228 2427 .

163 2447 273 2500 marito
293 2442 406 2512 optimo
426 2443 519 2498 Atilia
538 2445 686 2498 Marcella

235 2516 252 2568 2
269 2514 415 2585 fuapitur
434 2517 594 2585 supposuit
614 2516 711 2569 codex
731 2514 818 2568 Redii
839 2514 950 2569 Gruter
969 2513 1030 2579 772,
1049 2513 1067 2566 8

164 2588 181 2640 3
197 2584 339 2656 fruimur
357 2587 487 2640 schedae
506 2586 693 2641 Barberinae
711 2586 799 2640 Febr.
820 2586 880 2654 743,
899 2585 951 2640 511

641 2783 706 2847 592

164 2907 312 2973 Manibus
335 2906 397 2972 hoo
420 2927 545 2972 sacrum
569 2914 658 2971 certa
680 2908 802 2991 pietate
824 2907 961 3000 resolno,

165 3014 226 3080 hoo
249 3014 402 3082 Nouellus
426 3033 487 3096 ego
510 3014 604 3078 matri
627 3012 756 3096 filioque
779 3013 922 3097 sepultis.

164 3122 346 3203 Valentino,
369 3120 429 3186 tibi
452 3119 561 3203 digno,
586 3118 770 3186 dulcissima
792 3125 905 3202 mater,

164 3247 280 3293 nomen
302 3228 392 3311 uiget
415 3247 491 3292 ecce
515 3232 603 3291 tuum
626 3226 659 3291 in
682 3226 775 3292 titulo
800 3226 929 3291 clarum.

141 3333 282 3400 edanum
304 3340 438 3399 naturae
461 3334 582 3399 meritis
605 3332 646 3399 de
671 3333 811 3399 carmine
835 3333 939 3416 signo.

166 3440 245 3506 felix
268 3460 344 3506 ecee
367 3440 468 3506 solum
491 3440 573 3524 tegit
598 3440 650 3505 hio
673 3439 737 3505 duo
760 3439 890 3505 nomina
913 3459 999 3522 cara,

166 3547 333 3613 Extrioate
356 3547 410 3632 fili,
435 3547 478 3614 ad
501 3548 647 3633 planctus
671 3548 764 3614 auiae
788 3546 918 3627 dolenti.
