2650 3882
561 194 751 234 HEXAMETRI

150 348 289 410 uenator
312 340 418 409 studio
441 363 495 408 ma
542 392 549 407 .
660 390 667 405 .
778 390 785 405 .

150 450 294 516 lucorum
317 450 420 516 oultor

151 558 283 640 iungere
307 557 361 640 qui
384 556 478 622 uallis
540 609 547 624 .
658 604 665 619 .
776 603 783 618 .

124 663 258 747 satique
281 683 382 729 nouas
404 661 582 747 scrobibus
659 711 667 726 .
778 710 785 725 .

223 820 296 877 CIL.
315 821 434 876 112314
453 838 492 877 ex
511 823 630 877 schedis
648 821 818 888 Velasquez
838 819 975 888 aliisque.
1012 815 1075 870 AL.
1093 816 1168 870 Bur-

152 895 256 947 manni
277 893 318 948 IV
336 893 379 962 44,
398 893 514 963 Meyeri
534 894 603 948 1465
723 891 885 946 Cordubae
995 888 1098 942 similis
1121 893 1167 943 est

154 965 381 1049 quipraeeedii
399 965 512 1032 titulus,
532 958 633 1035 neque
652 969 755 1018 tamen
773 962 850 1015 alter
866 976 934 1015 eum
953 960 1049 1014 altero
1067 960 1167 1029 potuit

152 1051 349 1162 eonulrngplm
366 1104 490 1160 iuuenis
509 1102 697 1159 lacrimabile
713 1103 817 1172 falam
933 1102 1056 1157 41161111
1075 1116 1169 1155 eursu

152 1176 326 1302 repletisque
348 1177 462 1232 solebat
484 1177 585 1246 adque
608 1191 708 1230 uoaas
732 1172 891 1230 scrobibus
910 1171 1044 1243 fallendi
1061 1171 1169 1227 aeaeail

152 1266 192 1303 or
204 1264 232 1303 is

629 1356 697 1419 414
743 1402 746 1407 -

153 1481 217 1546 Hie
239 1479 363 1566 positus
385 1479 509 1548 iuuenis
533 1479 695 1564 quondam
717 1480 837 1546 uirtute
861 1479 1010 1562 beatus„

154 1593 263 1653 aetate
286 1594 319 1653 et
342 1606 461 1670 genere
484 1588 517 1652 in
540 1588 660 1673 primis,
685 1592 718 1652 et
740 1587 915 1652 honoribus
939 1590 1062 1651 auctus.

155 1696 275 1777 qu(e)m
298 1695 403 1779 pietas
425 1695 537 1759 matris
560 1699 678 1777 seruat,
703 1692 765 1758 dea
788 1694 929 1779 protegit
952 1693 1034 1777 ipsa,

74 1809 77 1816 '
155 1801 264 1866 fratris
287 1821 377 1866 amor
399 1800 478 1866 feoii
500 1801 622 1865 sooium
645 1800 821 1882 matrisque
845 1797 955 1864 dolore

132 1906 294 1989 ssustulit‚
318 1911 353 1970 ut
376 1912 504 1971 maneat
527 1925 628 1989 genus
651 1911 684 1971 et
706 1925 766 1989 par
788 1904 893 1989 gloria
915 1924 1050 1989 semper.

230 2063 302 2118 CIL.
321 2063 365 2117 XI
383 2063 452 2117 1791
473 2064 568 2117 deser.
587 2062 742 2118 Bormann
761 2064 874 2132 aliique
982 2061 1066 2132 apud
1084 2061 1173 2116 Vole-
1257 2124 1260 2133 Δ

158 2140 298 2190 terrenos
428 2136 648 2204 praescriptum
669 2134 697 2188 cl.
718 2134 760 2187 M.
781 2133 813 2196 Q.
832 2130 931 2203 Spuri
950 2130 1095 2187 Flamini.
1133 2132 1173 2185 ed

158 2207 299 2261 dextram
325 2206 431 2260 titulus
456 2212 503 2268 est
520 2204 718 2274 Squaetiniae
737 2205 921 2259 Maximinee
945 2219 963 2257 a
983 2202 1098 2273 Grapto
1122 2203 1172 2256 lib.

158 2278 276 2349 positus
295 2278 408 2331 incisus
428 2278 488 2330 ulia
507 2292 600 2330 manu
663 2314 670 2327 .

231 2349 248 2401 2
266 2348 338 2403 Hor.
358 2353 413 2403 sat.
432 2348 447 2401 I
466 2349 490 2415 6,
511 2349 544 2401 11
564 2345 677 2417 amplis
696 2349 724 2401 el
742 2346 909 2402 honoribus
931 2347 1036 2401 aeolos
1055 2361 1174 2414 eompa-

158 2424 208 2474 161
225 2419 328 2475 Hense
428 2420 446 2474 3
464 2435 537 2490 qam
558 2420 635 2489 lepis
742 2419 761 2471 4
779 2420 874 2472 frater
892 2419 1030 2472 uterinus
1049 2417 1174 2471 uidetur

161 2491 247 2545 diues
266 2491 432 2560 ignobilem
450 2492 483 2544 in
502 2492 624 2560 generis
640 2505 805 2558 rerumque
818 2490 991 2544 societatem
1012 2488 1174 2557 adoptasse

160 2566 255 2630 atque
272 2563 316 2615 116
335 2562 470 2617 dolorem
489 2563 594 2615 matris
613 2561 770 2615 sustulisse

632 2722 698 2787 415

162 2848 283 2933 Magna
305 2845 467 2931 hom[i]uis
490 2846 543 2912 hie
556 2837 640 2912 ¹ossa
662 2818 767 2931 teglit]
791 2866 906 2912 sexsus

236 3023 307 3079 CIL.
327 3022 356 3076 X
373 3023 444 3076 4431
463 3024 541 3077 uidit
553 3022 720 3078 Mommsen
821 3021 945 3092 Capuae
963 3021 1070 3075 litteris
1089 3021 1177 3075 bonis

52 3099 55 3106 ’
164 3101 196 3152 61
213 3097 341 3165 maguis.
371 3110 410 3149 ex
429 3095 582 3164 prioribus
599 3094 676 3149 haee
694 3097 859 3163 supersunt
879 3092 947 3147 ..0.
965 3092 990 3162 f.
1010 3089 1112 3161 Frapi

236 3171 305 3237 post
324 3180 438 3220 suasus
458 3165 595 3234 (Heuzeu
613 3164 684 3219 6406
702 3180 785 3219 auae
803 3161 903 3233 recipe
921 3179 968 3217 me
981 3178 1055 3217 saoee
1071 3160 1177 3226 libeas)

164 3238 239 3293 nihil
257 3239 289 3290 in
307 3236 409 3307 lapide
427 3237 522 3291 fuisse
540 3236 664 3290 uidetur
683 3236 821 3305 amplius,
846 3235 887 3288 ad
905 3235 1115 3289 hexametrum
1134 3249 1180 3288 re·

167 3310 298 3378 quiritur
316 3310 396 3363 male
411 3312 536 3377 paraus
555 3308 619 3362 sim.

643 3451 709 3515 416

66 3626 68 3631 >
168 3577 232 3644 Hie
254 3578 351 3644 miser
374 3577 534 3643 Autheros
556 3576 663 3662 posuit
687 3573 750 3640 duo
774 3594 909 3660 corpora
932 3574 1076 3641 fratrum.
