2650 3882
169 214 173 223 .
191 170 243 224 166
628 183 766 224 unorum

262 329 339 383 Acta
353 332 419 383 insi.
435 331 584 383 arehaeol.
596 330 680 384 Rom.
696 331 764 384 1851
783 346 812 398 p.
826 329 878 383 203
978 330 1010 381 in
1029 329 1207 397 pauimento

191 402 338 456 ecelesiae
352 401 544 455 Pisaurensis
555 401 688 455 Tritonis
707 401 833 470 imagini
851 401 1036 468 adscriptum
1055 415 1118 452 non
1137 405 1212 453 ante

192 472 348 527 saeculum
369 474 537 541 septimum.
572 472 679 526 Triton
698 473 862 525 semihomo
883 472 1049 539 semipisois
1068 471 1208 539 symboli·

191 559 257 598 cam
282 550 316 597 ut
340 544 418 608 ἰχθύς
441 543 585 597 habuisse
609 545 672 597 uim
696 543 827 597 uidetur.
864 541 984 596 medius
1007 546 1042 595 ut
1066 541 1207 595 inlibris

190 616 284 669 sacris
303 631 358 683 pro
382 614 505 668 dimidio

666 757 730 822 348

189 883 261 950 Non
285 882 391 966 homo,
414 902 478 947 uon
501 902 610 967 pecus,
635 888 668 947 et
683 902 740 967 pro
756 881 861 966 p[arte
875 879 1014 963 uidetur]
1036 880 1204 962 huterque.

259 1058 379 1113 Pisauri
403 1060 547 1127 inopere
570 1059 722 1113 tessellato
743 1058 850 1112 eodem
869 1060 900 1112 in
920 1072 980 1126 quo
1000 1072 1108 1112 uersus
1129 1058 1203 1127 legi·

189 1135 239 1183 tur
258 1131 397 1199 superior
416 1130 602 1198 adscriptum
615 1129 758 1184 Centauri
772 1130 899 1199 figurae.
926 1129 1020 1182 edidit
1038 1129 1204 1197 suppleuit-

190 1216 249 1269 que
260 1201 449 1270 Engelmann
466 1201 666 1270 ephemeridis
680 1202 844 1270 inscriptae
864 1201 903 1255 ‘in
916 1215 998 1253 nouo
1011 1200 1118 1269 regno'
1133 1199 1205 1253 1872

189 1289 217 1341 p·
231 1273 288 1396 412}
305 1358 326 1411 p
332 1358 357 1411 p
365 1383 439 1396 ......
458 1343 610 1396 musiuum
631 1343 661 1395 in
682 1358 741 1410 quo
757 1350 849 1397 uotae
862 1343 1027 1397 uerborum
1041 1346 1111 1395 sunt
1124 1356 1201 1395 com·

188 1415 298 1483 plures.
336 1415 483 1484 datorque
506 1415 550 1468 sie
574 1414 719 1482 scripturn
744 1415 833 1467 utin
858 1415 965 1469 eodem
991 1427 1082 1482 opere
1106 1413 1206 1480 hopes

188 1501 243 1554 pro
264 1500 338 1553 apro
962 1500 966 1505 ’

640 1630 748 1637 *—

288 1944 296 1959 .
342 1895 429 1959 misit
451 1895 513 1960 iter
560 1945 568 1960 .
661 1945 668 1960 .

184 2050 192 2065 .
287 2000 491 2085 .m]agnass
560 2052 567 2067 .
660 2055 668 2068 .

286 2155 293 2171 .
341 2108 511 2192 osinplex
535 2109 618 2174 eima
661 2158 668 2173 .

285 2262 292 2277 .
340 2215 372 2278 ni
397 2215 512 2299 impius
559 2264 566 2279 .
659 2264 667 2279 .

253 2389 371 2444 Notizie
391 2390 417 2443 d.
438 2392 521 2444 soavi
542 2391 612 2445 1819
631 2408 659 2461 p.
672 2391 708 2444 44
727 2392 823 2446 deser.
843 2391 881 2444 de
892 2390 983 2444 Petra
1084 2388 1201 2443 Herou-

181 2461 261 2514 lauei
281 2462 312 2514 in
332 2462 448 2529 pariete
467 2463 614 2516 infossum
634 2464 709 2529 stilo,
730 2479 744 2516 e
763 2478 819 2532 per
839 2463 925 2515 binas
944 2460 956 2515 i
976 2461 1091 2530 scripta

253 2533 270 2585 3
289 2535 320 2584 in
340 2533 400 2586 fine
419 2532 493 2587 latet
512 2533 621 2603 cyma?
654 2533 777 2589 of.Non.
798 2551 826 2603 p.
842 2533 902 2597 195,
922 2531 1048 2586 GLK.V
1063 2549 1091 2601 p.
1105 2531 1198 2598 574‚1

290 2602 307 2655 4
326 2608 427 2672 potest
446 2603 506 2673 legi
528 2621 607 2658 -nem
622 2604 697 2674 pius

654 2783 720 2847 350

183 2904 344 2969 Barbarus
367 2924 441 2969 aere
466 2925 545 2970 cauo
570 2905 699 2971 tubicen
722 2905 836 2990 d[ed]it
860 2906 1002 2990 [horrida
1025 2906 1139 2990 si]gna.

254 3079 326 3135 CIL.
340 3081 380 3135 IV
394 3081 496 3147 106911,
515 3081 666 3136 REhwald
676 3082 825 3152 Philologi
843 3082 903 3136 uol.
916 3081 1012 3136 XLVI
1031 3098 1058 3151 p.
1073 3082 1126 3137 640
1145 3084 1198 3152 qui
1232 3104 1233 3108 ¹

184 3153 298 3220 pariter
317 3168 434 3205 mecum
455 3153 591 3221 expleuit
691 3153 832 3223 Pompeis
851 3154 882 3206 in
902 3154 1029 3207 aedibus
1043 3153 1146 3223 Cuspii
1165 3155 1197 3206 in

182 3225 242 3275 imo
261 3224 401 3290 margine
420 3224 557 3292 picturae
575 3226 833 3292 repraesentantis
851 3225 921 3293 rupi
937 3225 1069 3278 adfixam
1090 3225 1199 3279 libera-

183 3298 307 3361 tamque
318 3293 472 3347 Hesionen
574 3293 665 3348 dicit.
678 3335 684 3347 .
696 3336 701 3348 .
713 3294 783 3349 cuia
804 3297 920 3364 legerat
934 3296 987 3349 sed
1000 3297 1117 3349 ineerta
1130 3311 1199 3350 esse

184 3363 304 3417 dixerat
324 3366 376 3432 qui
396 3365 559 3418 euanidum
584 3366 704 3419 titulum
727 3365 886 3436 descripsit
904 3365 1020 3420 Nissen.
1053 3367 1199 3435 adposuit

183 3434 409 3503 Zangemeister
429 3435 579 3489 Ouidiana
598 3441 666 3490 met.
686 3437 730 3490 ΙΙΙ
750 3437 803 3491 704
825 3453 894 3491 cum
918 3436 1042 3490 bellicus
1061 3452 1130 3490 aere
1149 3453 1198 3491 ca-

179 3521 257 3558 noro
276 3504 368 3573 sipara
386 3505 471 3559 dedit
489 3506 615 3575 tubicen,
636 3509 786 3563 accedunt
802 3508 978 3577 Vergiliana
997 3508 1051 3561 dat
1070 3506 1195 3579 sipnnm

180 3575 313 3630 Misenus
332 3592 401 3631 aere
421 3593 497 3631 cauo
