2648 3886
603 167 742 210 nucum

644 353 708 419 557

163 479 238 544 Hoc
261 476 370 563 lapide
392 479 513 571 tegitur
536 478 694 560 Aurel(ia)
719 479 779 545 Pia
801 479 947 564 piissima
971 478 1101 563 cou[iux

162 605 206 651 ex
229 585 325 652 Nicia
348 585 436 651 ciues
458 584 678 669 Bythtinicae)
702 585 835 670 originis
858 592 939 651 orta.

164 697 214 756 ter
236 692 341 773 uix(it)
367 690 489 777 den0[s]
513 712 623 774 annos,
647 712 712 757 non
734 692 807 777 plus
830 692 1018 759 adoleuerat
1041 698 1143 758 aetas.

164 797 343 883 flerent[em
366 799 473 884 rapuit
495 797 591 882 mor]s
614 800 785 865 immatura
807 801 875 865 uita
897 806 1076 884 perempta.

138 924 223 971 suos
246 904 359 989 test0[r
406 955 915 971 ......

238 1080 310 1137 CIL.
326 1081 452 1137 1113337
553 1084 585 1136 in
603 1082 763 1137 Pannonia
782 1084 926 1138 inferiore
946 1083 986 1136 ad
1005 1082 1183 1141 Intercisam

165 1153 243 1208 male
263 1154 393 1222 scriptus
412 1153 489 1224 lapis
509 1154 669 1223 conligatis
688 1154 795 1209 litteris
818 1155 919 1208 multis
939 1154 1068 1208 difficilis
1091 1154 1181 1208 lectu

166 1224 374 1279 describentes
393 1226 418 1279 si
438 1225 522 1294 quod
539 1226 659 1279 litterae
678 1227 801 1295 signum
817 1227 1037 1295 praeterierant
1050 1230 1103 1278 aut
1116 1239 1183 1294 per·

165 1310 272 1364 peram
298 1295 453 1365 legerant,
481 1296 658 1351 Mommseni
688 1297 843 1366 exemplar
872 1301 994 1352 secutus
1020 1295 1182 1350 emendaui

164 1367 347 1435 plerumque
365 1368 477 1421 tacitus

239 1438 255 1490 1
275 1437 464 1492 modulatum
482 1439 537 1493 hoc
558 1439 674 1493 tamaio
693 1437 807 1508 tegitur
825 1436 961 1493 Paulina
976 1435 1123 1505 piissima

163 1508 221 1575 2i.
235 1523 274 1562 ex
287 1507 400 1563 Nicaea
419 1510 495 1562 ciuis
596 1507 717 1579 eripuis
736 1509 867 1563 traditur
967 1506 1067 1563 3aiaa
1087 1509 1182 1563 denos

165 1580 239 1633 feci:
263 1577 405 1633 uindeo..
425 1580 501 1634 alter
525 1584 693 1646 auctorum,
718 1580 872 1634 undeno..
892 1580 976 1634 alter.
1005 1577 1182 1649 qaindecim

163 1648 369 1704 Mommsenus
398 1651 450 1719 qui
477 1666 622 1706 numerus
651 1667 719 1705 cunr
748 1652 859 1706 nimius
886 1651 1028 1706 uideatur
1056 1656 1182 1720 propter

166 1725 294 1775 mortem
317 1722 521 1790 immaturam,
546 1727 610 1776 tum
634 1723 773 1791 poeticae
797 1723 1057 1777 circumlocutioni
1081 1723 1181 1776 minus

166 1793 318 1861 congruit.
348 1794 454 1847 uersui
473 1794 546 1847 satis
566 1798 632 1847 erat
651 1796 696 1848 ter
715 1792 803 1848 denis
822 1792 915 1848 anais
1008 1792 1180 1862 texpleui:

164 1878 184 1916 o
203 1864 235 1916 in
253 1878 338 1918 mors
358 1863 514 1918 dimidiata
536 1872 673 1934 apparet,
699 1880 754 1934 pro
774 1862 841 1918 atita
865 1865 1017 1933 descripta
1043 1869 1089 1918 est
1106 1868 1181 1917 nota

165 1949 230 1987 una
248 1936 303 1988 aat
322 1936 532 2005 complectens.
561 1936 715 1990 ablatiuus
736 1937 898 2005 corripitur

639 2132 704 2197 558

164 2255 229 2320 Hic
253 2257 315 2320 sita
337 2275 407 2321 sum
429 2262 585 2338 matrona,
609 2276 711 2340 genus
733 2261 923 2340 nomenlque
946 2255 1080 2321 Veturia
1103 2255 1181 2320 For-

535 2362 639 2428 tunati
663 2364 778 2429 coniux
802 2362 844 2429 de
867 2369 959 2447 patre
982 2363 1135 2444 Vetulrio,

164 2474 244 2533 nata
267 2474 316 2534 ter
338 2489 479 2535 nouenos
501 2470 618 2535 misera
639 2475 671 2534 et
694 2476 794 2553 nupta
810 2470 860 2535 bis
876 2476 949 2535 octo
970 2468 975 2555 Ι
995 2489 1053 2557 per
1070 2489 1180 2551 annos,

163 2575 305 2640 unicuba
317 2576 449 2659 uniiuga
458 2595 541 2659 quae
553 2582 626 2660 post
638 2581 643 2654 Ι
656 2595 713 2641 sex
725 2583 836 2660 partus
848 2596 911 2641 uno
923 2575 1094 2661 superstite
1104 2576 1180 2642 obii.

239 2749 310 2806 CIL.
330 2751 464 2805 1113572
484 2752 563 2807 uidit
580 2751 807 2807 Domasaewski
908 2752 1038 2822 Aquinci
1057 2754 1089 2805 in
1109 2767 1182 2806 arca

296 2824 387 2877 subse
409 2824 493 2877 uitur
517 2823 548 2876 T.
567 2822 666 2877 Iulius·
685 2825 876 2879 Fortunatus
896 2821 1053 2892 (centurio)
1073 2824 1128 2894 lep.
1148 2824 1183 2876 ll

164 2891 353 2972 adtiatricis)
369 2838 465 2962 piae)
483 2891 613 2963 ftidetis)
633 2893 757 2964 coaiapi
771 2892 1009 2964 incomparabili
1022 2897 1049 2948 et
1061 2892 1182 2963 insipat

165 2978 201 3017 aa
214 2979 245 3018 re
255 2963 377 3033 pietate.
406 2966 486 3019 tertii
499 2965 622 3019 uidetur
636 2967 749 3020 saeculi
763 2967 868 3021 titulus
883 2982 948 3021 esse
962 2968 1005 3020 sic
1022 2971 1056 3020 ut
1067 2964 1182 3033 Aquin-

167 3050 273 3090 censes
292 3036 437 3106 plerique.
467 3051 589 3090 carmen
609 3037 805 3091 obuersatum
825 3053 891 3092 esse
909 3038 1002 3092 menti
1025 3037 1181 3105 scriptoris

164 3105 266 3160 elucet
285 3107 371 3161 uelut
388 3122 526 3177 aomcaq.
547 3107 667 3161 Metella
686 3122 780 3162 uersu
799 3109 823 3175 1,
854 3110 899 3162 tar
922 3111 1042 3162 octonos
1065 3107 1182 3162 misera

164 3178 195 3230 et
213 3192 268 3231 cea
286 3179 384 3247 napta
399 3193 458 3246 per
477 3177 502 3246 2,
522 3194 600 3248 qaae
615 3179 703 3246 prole
716 3177 879 3247 superstite
898 3176 982 3234 obiui
1000 3180 1025 3233 3.
1053 3194 1125 3232 nam
1144 3180 1182 3232 si-

167 3247 276 3301 militer
300 3250 490 3303 enuntiatum
516 3264 582 3304 esse
605 3247 667 3304 obii
689 3251 800 3320 probat
823 3250 1010 3320 paenultima
1028 3250 1183 3304 excellens

163 3317 359 3387 longitudine
379 3321 416 3374 cf.
435 3320 523 3387 taus

643 3430 709 3494 559

165 3549 340 3632 Manib(us)
364 3551 418 3617 hie
441 3552 600 3637 [placidis
623 3553 802 3639 Pass[ie]na
826 3560 916 3620 casta
939 3553 1085 3637 quiescit.
