2644 3884
588 206 776 246 nnxnnnrnr
1139 194 1191 248 143

174 351 340 435 sanguinis
360 353 401 417 ob
420 353 566 417 meritum
578 390 622 399 -
635 353 885 437 Chr(istu)mque
900 375 959 440 per
974 361 1062 421 astra
1076 355 1180 422 secuti

148 457 336 525 saetherios
358 458 481 543 petiere
503 460 592 526 sinus
614 479 747 544 regnaq.
771 462 895 545 piorum
919 496 963 508 —

175 566 280 630 Roma
302 585 376 631 suos
398 566 506 650 potius
529 566 645 631 meruit
667 566 843 632 defendere
868 567 965 633 ciues.

176 671 258 737 haee
281 674 440 738 Damasus
462 680 587 739 uestras
610 673 729 739 referat
751 694 836 739 noua
859 673 967 739 sidera
989 673 1112 742 laudes.

247 814 334 868 Rossi
354 815 443 868 inser.
463 815 562 869 christ.
582 816 666 869 Rom.
684 814 822 882 113277
842 821 872 869 et
891 815 951 882 105,
964 814 1001 868 44
1019 829 1058 869 ex
1077 814 1193 868 Einsid-

174 885 252 939 lensi
271 886 400 954 aliisque
419 886 544 955 syllogis
563 892 594 941 et
611 885 704 940 medii
724 887 795 940 aeui
813 901 973 953 marmore,
993 886 1029 939 ef.
1072 885 1145 939 ,459

230 957 287 1010 fuit
309 958 362 1010 uia
380 955 481 1026 Appia
504 959 537 1011 in
560 958 632 1013 sede
651 972 688 1011 ss.
708 957 791 1012 Petri
815 964 845 1011 et
862 957 950 1011 Pauli
970 972 1023 1027 sep
1059 956 1132 1010 erali
1152 956 1192 1010 ad

175 1028 374 1082 catacumbas

248 1099 263 1151 1
283 1097 422 1152 habitare
440 1115 512 1168 pars
531 1101 726 1168 antiquorum
852 1098 870 1152 4
891 1096 1046 1154 Christum
1065 1095 1119 1168 qai
1138 1105 1192 1152 aut

174 1174 295 1223 tanturn
316 1168 471 1224 Christum
489 1171 610 1239 plurimi
710 1171 935 1240 tropaeumque
954 1170 1142 1224 Turonensis

230 1242 247 1296 7
266 1256 339 1295 num
358 1240 511 1296 Anienum
530 1246 616 1295 taxat
635 1241 735 1296 sidera
756 1247 915 1296 canentem
934 1240 1060 1297 uetera?

653 1369 718 1434 307

175 1474 357 1558 Entyehius
379 1481 502 1561 martyr
525 1474 668 1541 crudelia
689 1476 776 1542 iussa
799 1475 929 1560 tyranni

175 1578 393 1664 eamifienmq.
417 1580 488 1647 uias
510 1583 631 1666 pariter
654 1589 730 1648 tune
753 1583 839 1647 mille
862 1580 1000 1648 nocendi

177 1688 307 1752 uincere
330 1685 416 1770 quod
439 1689 544 1771 potuit
567 1690 758 1753 monstrauit
784 1689 889 1771 gloria
912 1688 1040 1754 Christi.

178 1792 317 1859 eareeris
339 1793 490 1858 inluuiem
513 1794 657 1876 sequitur
679 1813 764 1858 nona
786 1814 892 1878 poena
914 1813 973 1879 per
995 1800 1093 1877 artus,

150 1905 329 1965 atestarum
352 1897 533 1983 fragmenta
555 1905 672 1984 parant
694 1919 734 1964 ne
757 1919 884 1965 somnus
908 1899 1022 1982 adiret,

177 2006 227 2071 bis
249 2005 318 2070 seni
337 2006 495 2069 transiere
519 2003 599 2088 dies,
623 2005 775 2071 alimenta
798 2012 965 2090 negantur,

176 2112 313 2177 mittitur
335 2112 368 2175 in
391 2112 564 2194 baratrum,
589 2118 718 2178 sanetus
741 2113 830 2177 lauat
853 2113 960 2177 omnia
984 2113 1116 2196 sanguis

176 2219 309 2284 uulnera
333 2238 415 2300 quae
438 2219 590 2284 intulerat
612 2220 723 2285 mortis
746 2218 918 2284 metuenda
939 2225 1092 2303 potestas.

176 2331 272 2391 noete
295 2324 471 2410 soporifera
495 2327 624 2391 turbant
646 2326 804 2391 insomnia
827 2331 977 2408 mentem,

139 2459 168 2499 10
177 2430 318 2498 ostendit
340 2433 466 2498 latebra
488 2432 623 2498 insontis
646 2451 729 2515 quae
752 2432 895 2497 membra
918 2436 1051 2514 teneret,

178 2541 350 2623 quaeritur,
374 2540 523 2605 inuentus
546 2539 671 2622 colitur,
695 2537 795 2621 fouet,
819 2539 926 2604 omnia
948 2543 1083 2624 prestat.

176 2647 336 2730 expressit
358 2646 518 2711 Damasus
540 2644 704 2711 meritum:
729 2665 883 2710 uenerare
906 2644 1120 2730 sepulchrum.

249 2786 336 2840 Rossi
355 2788 443 2841 inser.
464 2787 563 2840 christ.
584 2786 668 2840 Rom.
687 2786 716 2840 ΙΙ
736 2785 796 2853 105,
814 2786 850 2840 45
874 2787 994 2840 conlato
1018 2786 1119 2855 lapide
1140 2785 1193 2854 qui

176 2862 263 2913 extat
281 2859 401 2927 integer
505 2857 546 2911 ad
565 2856 592 2912 S.
615 2856 786 2913 Sebastiani
805 2858 857 2911 uia
876 2856 976 2927 Appia

249 2929 266 2982 2
284 2927 360 2983 Aen.
371 2928 426 2982 VII
440 2928 492 2982 338
510 2927 592 2983 mule
604 2926 735 2983 nocendi
747 2930 837 2995 artes,
856 2927 918 2982 AL.
933 2928 1014 2981 Riesi
1027 2927 1052 2994 4,
1063 2926 1098 2981 52
1110 2923 1193 2979 mille

176 2997 308 3055 nocendi
325 2998 397 3053 aias
496 3000 513 3054 9
532 2999 693 3054 Petronius
712 2999 834 3055 sat.128
852 3001 936 3053 nocte
951 2995 1126 3066 soporifera
1144 3010 1194 3050 ue·

176 3072 236 3126 lati
254 3087 323 3126 eum
341 3068 463 3125 somnia
481 3072 594 3125 ludunt

654 3161 699 3224 30

178 3269 299 3334 Illustri
323 3267 453 3352 Pau]lus
476 3267 607 3352 gener[e
631 3160 720 3332 ortui
742 3268 882 3350 itemque
905 3266 1065 3331 Iohannes

106 3478 110 3484 ⁴
182 3530 190 3545 .
224 3530 232 3547 .
265 3481 415 3565 aniimam
439 3487 528 3548 easto
552 3500 678 3565 semper
701 3479 842 3564 [pietatis
865 3497 973 3544 amore

181 3587 340 3672 eaelestlis
362 3589 454 3673 regni
476 3588 547 3672 regi
570 3586 714 3671 ae[terno
737 3584 894 3669 famulati,
