2650 3882
571 185 759 225 flexuosum

156 328 240 395 inter
262 329 349 395 mille
372 329 458 395 uiros
481 332 601 415 primus
624 332 779 414 fortisque
802 333 945 399 Batauos

157 433 300 500 Adriano
323 437 414 521 potui
438 437 491 519 qui
515 437 622 504 iudice
645 444 739 503 uasta
762 438 911 523 profundi

157 561 298 624 aequora
320 544 462 608 Danuuii
485 546 608 611 cunctis
631 552 799 610 transnare
822 546 880 610 sub
904 546 1011 627 armis,

133 647 368 732 semissumque
392 669 469 715 arcu
493 650 568 716 dum
591 651 712 736 pendet
736 652 768 716 in
792 659 867 716 aere
890 651 987 715 telum

157 774 197 819 ac
219 754 314 838 redit,
337 775 377 821 ex
400 757 465 822 alia
486 756 543 822 fixi
565 757 712 842 fregique
735 758 866 841 sagitta,

157 880 251 944 quem
275 880 377 945 neque
400 863 563 930 Romanus
586 866 690 949 potuit
713 884 774 930 nec
797 864 953 930 barbarus
976 884 1126 947 umquam

155 987 220 1032 non
243 968 348 1035 iaculo
370 969 472 1053 miles,
495 990 559 1035 non
582 990 660 1036 arcu
681 971 812 1037 uincere
834 970 982 1052 Parthus,

156 1071 210 1139 hic
233 1075 312 1141 situs
335 1075 397 1142 hoc
418 1077 550 1142 memori
573 1096 652 1142 saxo
675 1096 747 1142 mea
770 1076 859 1143 facta
882 1077 1018 1142 sacrani.

120 1204 146 1244 ιο
155 1180 273 1247 uiderit
296 1202 379 1247 anne
401 1183 517 1265 aliquis
540 1189 613 1267 post
635 1202 687 1248 me
709 1202 782 1248 mea
805 1189 898 1268 gesta
921 1188 1089 1266 sequatur:

157 1290 303 1374 exemplo
325 1289 405 1353 milri
428 1309 507 1373 sum,
531 1289 652 1375 primus
676 1291 731 1373 qui
754 1290 834 1357 talia
857 1290 954 1374 gessi.

8 732 17 777 ν

228 1430 315 1485 Rossi
333 1432 422 1485 inscr.
443 1432 542 1485 christ.
555 1431 640 1485 Rom.
653 1431 682 1484 II
696 1430 785 1499 260,2
803 1426 842 1485 ex
863 1431 1011 1499 florilegio
1032 1430 1171 1485 codicum

157 1501 399 1557 valentianensis
422 1518 501 1557 saec.
520 1502 562 1556 IX
581 1502 837 1572 Montepessulani
863 1517 941 1556 saec.
960 1500 1018 1555 XII
1040 1502 1170 1556 Parisini

158 1588 236 1627 saec.
255 1572 328 1627 XIII
351 1575 382 1627 in
402 1589 462 1642 quo
486 1573 545 1628 loci
563 1574 708 1628 Indicium
728 1574 844 1627 nullum
864 1578 917 1638 est,
937 1572 1008 1628 CIL.
1028 1572 1169 1628 1113676.

157 1642 220 1697 AL.
238 1643 405 1699 Burmanni
428 1645 489 1698 uol.
509 1644 523 1698 1
541 1661 569 1714 p.
583 1645 637 1699 730
660 1645 775 1711 Meyeri
793 1644 846 1698 209
871 1644 964 1698 Riesii
984 1643 1044 1697 660.
1083 1646 1170 1699 nefas

157 1717 260 1769 tamen
282 1716 355 1768 mihi
378 1721 444 1770 erat
462 1716 714 1784 spectatissimum
739 1716 769 1768 111
793 1719 881 1783 prato
901 1715 1098 1784 epigraphico
1120 1716 1171 1770 fio·

158 1801 222 1840 rem
241 1787 408 1854 praeterire
515 1785 623 1840 Sorani
642 1801 753 1839 nomen
772 1787 992 1854 praescriptum
1010 1788 1042 1839 in
1062 1786 1171 1840 codici·

158 1856 216 1911 bus
236 1857 457 1910 recentioribus
475 1854 676 1923 (epitaphium
692 1853 807 1909 Sorani
827 1853 936 1909 mila'tis
955 1856 1086 1926 Montep.
1106 1873 1173 1911 uer-

159 1942 214 1982 sus
233 1924 368 1981 desdam
377 1926 526 1980 Hadriani
546 1927 582 1980 de
599 1926 734 1996 quodam
751 1923 846 1979 milite
857 1925 976 1980 Sorano
985 1927 1091 1991 Paris.)
1105 1930 1173 1982 ueri

160 1996 256 2052 simile
275 2002 320 2051 est
339 1998 379 2050 ad
397 1998 464 2050 illos
476 2012 574 2066 usque
589 1999 766 2066 peruenisse
779 2012 818 2050 ex
831 1997 897 2065 ipsc
910 1997 997 2051 titulo
1011 1998 1173 2067 sepulcrali

161 2083 250 2136 quem
269 2068 343 2122 uiuo
354 2068 510 2121 Hadriano
530 2069 675 2137 scriptum
695 2083 761 2122 esse
780 2075 834 2121 ant
852 2068 940 2121 breui
957 2074 1026 2137 post
1045 2077 1172 2124 mortem

126 2187 129 2191 .
160 2141 226 2193 eius
245 2144 337 2208 patet.
365 2145 513 2192 memorat
522 2138 581 2193 Dio
591 2139 680 2208 Xiph.
693 2137 819 2193 inxa
837 2139 946 2192 milites
965 2140 1004 2193 ab
1014 2139 1171 2193 Hadriano

158 2215 220 2264 tam
240 2211 319 2265 bene
339 2211 490 2265 exercitos
510 2211 584 2264 ὥστε
603 2213 648 2263 καί
666 2211 701 2263 τὸ
718 2210 833 2263 ἱππικὸν
849 2214 910 2263 τῶν
928 2211 1111 2275 καλουμένων
1122 2211 1172 2263 Βα-

158 2282 273 2336 τάουων
289 2282 340 2334 τὸν
358 2282 467 2348 Ἴστρον
491 2282 560 2346 μετὰ
582 2286 643 2336 τῶν
661 2282 759 2335 ὅπλων
781 2282 951 2348 διενήξαντο,
971 2280 1095 2335 Tacitus
1114 2283 1172 2351 pri-

160 2352 228 2407 dem
248 2358 351 2479 sgeItos
369 2351 505 2406 Batauos
523 2354 594 2408 item
614 2358 738 2407 tranare
756 2351 903 2418 Rhenum,
926 2351 998 2406 uide
1017 2351 1172 2407 Mommse-

159 2440 231 2479 num
275 2424 289 2477 I
318 2465 324 2477 .

229 2495 285 2548 21.
302 2496 467 2563 fortesque.
494 2509 558 2550 nou
579 2496 768 2564 praefectum
794 2493 925 2548 cohortis
949 2493 1097 2547 miliariae
1116 2492 1171 2546 Ba·

157 2571 300 2620 tauorum
318 2566 462 2634 intellego
476 2566 530 2619 sed
542 2566 739 2620 fortissimum
821 2565 839 2619 6
852 2579 890 2618 eac
901 2565 962 2618 alto
977 2565 1054 2618 coni.
1066 2562 1171 2618 Schra-

158 2637 213 2691 der
320 2634 450 2707 sapittas
470 2635 534 2691 Val.
553 2638 683 2706 prImum
797 2636 832 2690 10
849 2651 917 2690 mea
934 2635 1021 2705 facta
1040 2634 1111 2691 CIL.
1132 2651 1171 2690 ex

157 2707 348 2776 interpolatis

632 2797 699 2862 428

156 2921 187 2986 A
209 2921 293 2989 male
315 2921 489 2987 Parcarum
514 2919 594 2985 dura
618 2919 660 2985 de
678 2920 755 3004 ‘lege
779 2940 921 2985 sororum

155 3031 269 3113 raptus
291 3029 325 3092 in
347 3027 398 3094 luis
421 3028 511 3093 iaceo
535 3027 658 3091 telluris
681 3026 811 3092 sedibus
834 3032 935 3109 atrae,

156 3135 206 3200 bIs
228 3140 352 3219 septem
374 3133 479 3200 minus
501 3141 577 3199 ante
600 3131 670 3199 dies
694 3153 789 3216 quam
813 3134 952 3217 quinque
974 3153 1033 3218 per
1056 3133 1149 3198 orbes

156 3240 232 3306 solis
255 3241 410 3325 eoigenae
433 3241 626 3325 complerem
648 3240 800 3324 paruolus
823 3259 933 3322 annos,

132 3349 281 3413 snomine
304 3347 492 3432 Longinius,
516 3347 722 3431 praenomine
747 3346 848 3412 Gaius
872 3346 957 3428 olim,

156 3455 208 3518 cui
231 3453 385 3520 Proculus
408 3473 585 3538 cognomen
609 3460 689 3536 erat,
713 3471 798 3517 nunc
820 3452 933 3517 umbra
955 3471 1016 3518 nec
1039 3452 1151 3517 umbra

155 3560 265 3626 subter
286 3560 416 3626 humum
438 3562 560 3646 positus
582 3560 694 3625 mortis
717 3566 811 3643 tegor
834 3578 910 3651 ecce
933 3557 1113 3643 sepulchro.
