2634 3892
170 144 225 199 336
610 155 750 196 nscrrnr

170 306 223 370 Tu
244 324 322 370 uero
346 303 503 370 cottidiae
525 304 723 388 expectabas
746 302 850 369 uidire
872 303 1020 389 proxima
1042 302 1162 387 palma.

147 412 262 478 sHaec
284 419 341 477 tua
356 411 400 475 mi
417 410 573 477 demisisti
595 412 742 496 pignera,
765 411 898 492 ductus,
922 430 1002 492 quas
1025 408 1191 474 desidera·

492 517 551 582 bas
574 536 700 582 mecum
724 516 793 603 [per
815 516 1033 601 intepminata
1055 522 1142 580 uota

171 625 378 711 Optaueram,
388 624 573 690 dulcissima
585 624 716 717 coniux,
723 632 759 689 ut
771 625 856 690 bona
866 622 1049 688 uideremus
1060 622 1191 687 sinum...

170 732 288 816 Longa
309 732 395 796 mala
416 737 562 816 tempora
584 750 709 796 mecum
732 730 850 815 fecisti,

170 839 305 904 Inimica
327 857 413 903 mors
434 837 512 903 fecit
535 845 568 903 te
590 858 655 902 non
677 836 789 903 uidere
812 836 900 920 quod
921 836 1061 902 uoluisti.

170 946 319 1011 Animam
342 942 471 1026 quidem
493 950 582 1008 tuam
604 944 747 1029 suscepit
770 943 881 1009 diuina
903 949 1058 1029 potestus,
1082 963 1102 1008 a
1123 962 1192 1025 qua

524 1049 622 1115 credo
644 1055 782 1135 peccata
803 1070 899 1135 posse
922 1051 981 1115 tibi
1004 1048 1141 1115 demitti.
1166 1088 1175 1104 ·

242 1192 331 1246 Rossi
349 1193 439 1247 inser.
457 1192 542 1247 Rom.
562 1193 662 1247 christ.
681 1193 775 1260 1293,
794 1193 847 1247 677
976 1208 1048 1262 pars
1066 1193 1191 1246 sinistra

173 1268 258 1319 extat
276 1265 309 1316 in
327 1263 489 1318 Laterano.
522 1265 726 1333 subscriptum
749 1262 799 1319 hic
818 1262 947 1334 quiescit
965 1265 1002 1317 de
1021 1279 1084 1333 quo
1101 1279 1191 1331 supe·

171 1332 241 1389 rius
259 1332 370 1404 lepisti.
398 1333 453 1405 qui
471 1333 556 1406 lepis,
574 1338 726 1389 reuertere
741 1350 801 1404 per
813 1334 917 1404 capito
929 1350 1091 1389 uersurum
1103 1336 1131 1388 et
1143 1335 1191 1388 in-

172 1403 261 1460 uenis
272 1404 420 1486 propium
431 1422 549 1461 uonwu.
577 1422 634 1476 que
646 1405 751 1474 oscor)
764 1423 837 1461 ann.
845 1407 942 1475 pauo)
954 1403 1080 1471 m(iuus)
1093 1408 1191 1476 qma}

173 1477 344 1546 draginta)
357 1478 416 1542 III,
435 1475 583 1541 demessit)
601 1477 637 1531 in
656 1476 986 1541 cecilio....d1ar(tias)
1004 1474 1105 1545 Appio
1118 1493 1148 1530 u.
1164 1492 1189 1531 c.

172 1549 221 1601 Fl.
244 1545 365 1602 Hieros.
389 1546 637 1612 urb(ooieionus)
662 1548 788 1613 maurit.
811 1550 932 1617 stupro)
956 1546 1112 1616 scriptae)
1140 1548 1191 1601 de-

170 1619 276 1688 funeto
287 1658 366 1673 .....
378 1617 553 1745 depositae)
578 1621 621 1676 VI
635 1617 678 1674 io,
692 1622 785 1674 Mart.
803 1621 857 1674 ubi
876 1636 932 1690 pro
950 1617 1050 1688 Appio
1062 1619 1192 1673 Roscius

173 1691 303 1759 primum
322 1705 392 1743 oum
432 1691 570 1745 irmondo
590 1690 674 1745 Aetio
698 1692 892 1746 scribendum
911 1692 1029 1745 censuit
1047 1692 1101 1759 qni
1119 1704 1190 1743 con-

173 1761 220 1815 sul
238 1762 297 1814 fuit
309 1776 336 1815 a.
346 1760 407 1828 432,
427 1770 495 1830 post
508 1779 536 1831 p.
545 1762 599 1816 487
612 1768 696 1817 reete
705 1762 844 1831 Appiorrc
859 1778 919 1817 cos.
936 1763 968 1816 id
982 1767 1027 1816 est
1040 1777 1121 1815 anno
1135 1760 1191 1815 539

243 1832 417 1901 itempora
435 1831 522 1888 Sirm.
594 1833 612 1886 3
631 1835 774 1902 optabam
797 1834 1004 1888 desideramus
1078 1832 1190 1886 duaco

172 1903 263 1972 lapis:
281 1908 430 1958 mutatum
450 1909 495 1958 cst
514 1905 546 1957 in
563 1921 618 1959 nec
642 1905 725 1973 quod
748 1920 855 1959 sensus
876 1905 1010 1975 postulat
1032 1907 1063 1958 ct
1089 1903 1189 1957 ortho

172 1974 303 2044 graphia
322 1974 489 2042 (Anatolio)
507 1977 591 2046 apud
608 1976 797 2030 Fabrcttium
820 1976 880 2043 272,
901 1976 954 2030 150
1069 1989 1190 2028 mecum

172 2084 210 2099 ...
220 2043 370 2100 ‚rmioata
380 2045 534 2101 Manutius
548 2047 715 2117 descripsit,
723 2062 840 2102 mecum
848 2045 1004 2118 geminato
1015 2045 1189 2115 Winghius,

171 2131 289 2171 mecum
306 2115 551 2172 incontaminata
569 2117 756 2173 Sirmondus.
785 2118 955 2172 Manutium
975 2121 1099 2172 secutus
1116 2116 1190 2170 Ros·

173 2188 236 2241 sius
256 2188 392 2257 expleuit

170 2365 319 2431 Flauiani
342 2367 495 2433 antistitis
516 2375 667 2433 resonant
690 2369 863 2453 praeconia
886 2367 983 2432 uitae.

172 2478 261 2538 casto
284 2472 408 2556 pollens
432 2493 575 2557 corpore,
599 2473 713 2539 summi
737 2472 861 2558 fastigii
885 2473 1003 2539 archae

170 2577 246 2643 liliis
270 2597 328 2644 ceu
352 2580 560 2646 nemantibus
583 2588 672 2646 artus
696 2598 889 2646 conseruans
912 2581 953 2645 ab
977 2579 1050 2645 aluo

170 2683 393 2768 intemerataq.
418 2686 504 2752 celso
529 2685 569 2752 de
593 2706 648 2752 ore
670 2686 792 2752 uehens
815 2686 970 2770 membra,

147 2789 326 2856 sindustria
350 2811 498 2858 sensuum
522 2792 643 2859 ditatus
666 2812 796 2858 munere
820 2794 937 2878 amplo,

170 2899 318 2983 speciosa
340 2918 537 2985 proceraque
561 2906 691 2984 compta
713 2899 815 2965 forma
837 2906 1030 2984 gestantem,

170 3006 396 3088 amoeniorque
419 3006 559 3072 existens
582 3006 757 3091 praeclaris
779 3006 930 3089 moribus,
954 3005 1042 3071 fibris

171 3112 295 3179 cunctis
317 3112 351 3178 in
374 3111 409 3178 se
431 3112 649 3196 linquentibus
672 3112 797 3179 facinus
820 3111 964 3178 funditus
987 3131 1125 3196 parcens

169 3237 231 3282 nec
253 3239 409 3285 reuocans
431 3219 539 3305 prisea
562 3220 735 3285 memoriae
758 3220 874 3286 mentis
897 3218 1035 3302 delecta,

135 3347 162 3387 ro
170 3323 329 3406 insignem
351 3331 483 3408 gestans
505 3346 600 3411 opem
621 3326 789 3410 morib(us)
812 3325 991 3411 patientiae
1013 3344 1132 3409 arcem,

123 3426 127 3431 ’
170 3428 294 3513 pollens
318 3436 351 3495 et
373 3431 499 3515 exiguis
523 3430 625 3517 dapes
647 3452 820 3518 porregere
843 3432 971 3515 multas,

171 3539 324 3617 tantaque
347 3536 408 3601 fari
431 3557 565 3622 nequeo,
590 3545 709 3622 quanta
733 3539 840 3604 insunt
863 3538 988 3622 gratiae
1011 3558 1099 3623 opes,
