2650 3882
563 170 752 210 maxsumum
1114 148 1171 212 119

149 316 407 402 muneribusque]
432 316 496 401 ipsi
520 323 644 382 certant
666 316 793 382 titulum
815 317 901 383 hunc
925 317 1111 403 celeb[rare.

153 416 191 488 'at
213 442 281 506 uos,
306 443 324 489 o
347 424 469 507 Manes,
493 423 554 508 his]
578 425 718 508 parcite:
744 423 798 508 [ni]
822 424 974 509 parcetis,

3 558 4 619 5
116 553 143 593 ιο
152 529 274 596 credite
296 530 350 614 mi,
374 529 479 615 ne[mo
503 531 621 596 reseret
644 530 811 597 sollemnia
833 531 935 597 uobis.

225 687 297 744 CIL.
316 688 360 742 IX
378 687 449 743 6315
469 689 564 743 deser.
584 689 622 743 de
640 689 732 743 Petra
849 687 983 743 Ortonae
1002 689 1033 742 in
1052 688 1167 744 Marru-

153 762 228 815 cinis
360 761 581 830 praescriptum
600 759 670 816 Scae.
689 757 828 814 Ninnius
847 759 890 813 M.
907 760 932 830 f.
951 758 1081 815 Baeticus
1099 776 1166 825 aus,

154 832 326 900 subscripta
345 847 400 885 sex
418 833 542 886 nomina
562 836 634 896 (tres
644 831 747 887 Ninnii
766 846 896 900 quorum
915 831 1036 885 duobus
1055 846 1168 901 cogno·

151 919 222 958 men
252 907 297 956 est
319 901 445 970 Buticis)
473 918 541 956 cum
569 905 777 957 sestertiorum
805 903 928 956 summis
955 917 1031 970 quas
1055 902 1168 972 singuli

151 974 345 1028 contulerant
363 975 479 1028 funeris
499 989 600 1028 cansa.
633 973 766 1027 medium
786 978 831 1028 est
850 988 972 1029 carmen
992 975 1079 1028 cuius
1099 988 1169 1028 cum

152 1061 225 1116 pars
239 1045 363 1098 dimidia
377 1045 462 1111 desit,
475 1045 574 1099 elucet
588 1045 716 1098 alterum
730 1045 862 1113 lapidem
878 1046 966 1097 iuxta
979 1044 1061 1098 hunc
1073 1045 1168 1098 fuisse

152 1118 285 1187 positum
305 1117 462 1185 superiore
481 1120 511 1169 et
531 1116 675 1170 inferiore
691 1119 779 1185 parte
794 1115 854 1168 alia
867 1116 991 1169 nomina
1005 1120 1167 1183 tenentem,

150 1190 184 1242 in
203 1188 249 1241 his
267 1192 407 1241 mortuae
426 1186 547 1256 puellae

225 1258 279 1312 21.
299 1259 413 1326 nuptiis
513 1257 530 1310 5
549 1254 696 1311 inaudito
715 1257 855 1326 quamuis
876 1257 948 1310 alibi
968 1256 1106 1310 nondum
1124 1272 1169 1311 re-

152 1333 274 1398 pertum
292 1328 507 1398 praestabilius
525 1333 600 1397 puto
620 1343 711 1397 quam
730 1326 765 1382 in
784 1326 902 1382 auditu.
940 1343 1050 1397 parum
1073 1328 1169 1382 credi·

153 1401 215 1454 bile
233 1397 410 1454 inauditum
528 1400 545 1454 3
563 1401 594 1453 in
614 1399 675 1454 fine
688 1398 826 1469 parcitus
846 1401 966 1468 cippus:
985 1399 1083 1453 malus
1101 1414 1169 1453 uer·

151 1486 214 1538 sus,
234 1472 271 1525 cf.
285 1475 507 1539 pentametrum
525 1471 550 1539 5,
570 1486 627 1526 nec
639 1476 684 1525 tot
697 1472 829 1540 syllabas
842 1472 969 1539 periisse
987 1472 1054 1524 ueri
1073 1471 1169 1525 simile

153 1547 200 1596 est
219 1546 293 1611 quot
313 1557 390 1612 opus
409 1543 466 1596 fuit
484 1543 590 1597 inferri
609 1544 697 1596 metri
716 1557 810 1597 causa
827 1557 857 1596 u.
877 1542 894 1596 3

630 1703 697 1768 384

153 1826 284 1892 Samnis
307 1847 376 1892 sum
399 1847 527 1911 genere,
550 1827 721 1893 Proculam
744 1826 855 1892 dixere
878 1832 1038 1911 parentes,

153 1932 331 1998 Firminum
354 1935 451 2017 genui
475 1932 618 1999 Firmino
642 1933 751 1997 iuncta
773 1933 899 1997 marite.

227 2090 299 2147 CIL.
318 2091 345 2145 X
358 2091 429 2145 5106
448 2107 487 2146 ex
500 2091 658 2146 Palumbo.
688 2089 750 2145 AL.
760 2091 927 2145 Burmanni
940 2091 981 2146 IV
993 2092 1036 2159 87,
1055 2091 1170 2161 Meyeri

155 2162 227 2216 1224
253 2188 256 2193 <
327 2163 385 2217 luit
403 2164 435 2216 in
454 2178 530 2232 agro
550 2161 666 2217 Atinati

481 2327 520 2362 '·
632 2323 698 2389 385

155 2449 218 2513 Hic
241 2449 304 2514 sita
326 2468 396 2513 sum
419 2468 501 2531 quae
525 2447 697 2531 frugiferas
720 2467 792 2513 cum
816 2447 930 2530 coiuge
953 2451 1054 2511 terras

156 2553 216 2619 has
239 2554 323 2619 colui
346 2574 472 2639 semper
493 2558 608 2621 nostro
626 2552 746 2618 dilecta
769 2553 895 2619 marito.

155 2659 300 2744 Myrsina
322 2662 366 2725 mi
388 2659 516 2743 nomlen
537 2660 653 2726 fuerat.
690 2660 906 2745 quinquennia
929 2659 1067 2742 quinque

156 2766 224 2832 uixi
248 2772 281 2831 et
304 2786 398 2848 quem
421 2766 568 2851 de[derat
592 2786 718 2832 cursum
741 2766 886 2832 Fortuna
907 2766 1030 2850 peregi.

130 2893 231 2940 soare
254 2873 368 2937 marite
391 2872 483 2956 m[ihi
506 2878 539 2937 et
561 2871 759 2957 dulcissima
782 2877 859 2937 nata
882 2871 989 2936 ualete

158 2985 191 3045 et
213 2998 370 3045 memores
392 2980 509 3045 nostris
531 2999 658 3064 semper
680 2978 756 3043 date
780 2979 865 3043 iusta
887 2977 1074 3062 sepulchris.

230 3137 303 3194 CIL.
322 3137 365 3190 XI
383 3136 455 3192 3752
473 3152 513 3192 ex
535 3153 589 3192 ms.
607 3136 716 3205 Amati,
747 3135 837 3191 Orelli
860 3135 939 3190 5010.
976 3134 1039 3190 AL.
1057 3135 1172 3206 Meyeri

158 3208 229 3263 1513
329 3212 483 3278 repertum
501 3207 585 3263 Lorii
603 3210 635 3261 in
653 3210 706 3262 uia
724 3205 850 3279 Aurelia

229 3279 279 3333 3s.
299 3281 509 3349 supplementa
527 3280 662 3333 imitatus
685 3293 751 3332 sum
769 3278 852 3332 Petri
869 3277 1004 3333 Visconti
1024 3279 1076 3347 qui
1094 3277 1112 3331 3
1130 3293 1173 3333 ce·

157 3351 295 3420 leuesque
308 3365 369 3419 per
385 3366 484 3405 annos
503 3354 534 3405 et
551 3351 569 3404 4
587 3352 703 3404 nutura
719 3349 846 3403 dederat
945 3348 1113 3419 4sumptus
1127 3354 1173 3404 est

160 3436 200 3476 ex
212 3421 246 3475 V.
256 3419 331 3475 Aen.
342 3421 383 3476 IV
396 3421 456 3490 653,
475 3423 506 3475 in
525 3421 542 3475 3
560 3422 631 3476 licet
650 3422 741 3475 etiam
760 3421 833 3474 talia
851 3421 965 3474 inferre
983 3436 1093 3475 nomen
1109 3419 1174 3490 fuit

158 3495 188 3547 et
206 3490 273 3546 sine
291 3491 419 3548 crimine
435 3508 555 3561 semper
655 3492 672 3547 5
687 3492 819 3546 ambitus
832 3492 962 3547 la'cunae
976 3493 1085 3547 suadet
1098 3497 1132 3547 ut
1146 3493 1173 3547 et

159 3563 304 3618 addatur:
325 3566 488 3620 omiserant
508 3564 559 3618 alii
577 3563 780 3634 Meyerusque
