2650 3882
572 174 760 215 nnxanurnr
928 238 934 252 .
1121 163 1180 219 173

159 325 288 387 mortua,
312 320 364 373 filii
388 320 517 373 familias
536 320 681 375 uidentur
699 327 753 375 aut
772 322 871 375 liberti
891 338 965 377 esse.
1004 325 1175 379 hexametri

159 392 333 460 interpolati
353 396 406 444 aut
426 392 535 444 curtati

210 463 247 515 ·2
268 463 372 516 debuit
391 462 534 532 luctumq.
547 461 618 516 uiro
637 461 722 517 dcclii
740 478 841 517 acrem
940 466 957 519 3
978 467 1050 521 tolle
1068 465 1177 536 clipeis

160 540 214 587 aut
232 549 296 587 unu
400 532 418 585 4
437 534 543 587 debuit
562 551 581 587 a
600 537 627 587 te
736 536 753 590 5
772 536 890 588 numeri
909 538 1110 591 restituuntur
1129 554 1179 592 re

160 606 263 658 stituto
284 605 431 673 singulari
450 603 580 672 speciem
601 604 729 673 <liquam
865 606 882 659 6
902 607 1006 661 debuit
1024 624 1099 677 copo
1118 624 1178 663 uos

160 691 279 742 semper
384 676 399 728 7
417 678 467 729 fac
486 691 562 730 carc
580 673 654 729 uelit
669 674 727 743 pia
745 678 850 731 uestra
956 679 973 731 8
993 679 1042 732 fac
1057 695 1180 734 mecum

160 743 248 800 illum
270 745 395 800 condier
417 763 481 800 una
502 748 552 800 uel
575 764 640 801 una
663 745 729 802 eius
752 764 868 804 mecum
892 748 1032 803 condetis
1051 753 1085 802 ut
1103 765 1179 804 ossa

160 817 307 885 sepulcre.
336 818 393 871 iste
415 820 514 872 exitus
535 820 621 887 quasi
642 819 799 888 elegorum

637 927 701 992 368

161 1050 223 1115 Hic
247 1057 295 1114 est
318 1050 374 1114 illa
397 1050 459 1115 sita
482 1050 537 1134 pia
560 1051 672 1134 imgli)
698 1058 788 1116 casta
810 1051 955 1137 pudic(a)

161 1157 211 1220 cni
236 1175 293 1240 pro
317 1155 459 1221 meriteis
482 1157 523 1220 ab
548 1157 684 1241 coniuge
707 1158 813 1241 gratia
837 1159 979 1224 relatast.

232 1331 345 1386 Gruter
363 1331 424 1395 826,
443 1333 460 1385 6
484 1334 523 1385 ab
547 1331 658 1387 Smetio
681 1333 741 1397 (Or.
760 1333 855 1401 4641),,
882 1334 1009 1389 schedas
1036 1335 1176 1389 Henneni

161 1404 287 1457 contulit
306 1403 378 1455 milri
391 1402 508 1457 Kaibel.
541 1403 603 1456 AL.
623 1403 849 1459 Burmanni'IV
864 1406 924 1470 168,
945 1405 1060 1475 Meyeri
1081 1405 1150 1460 1471

206 1474 319 1528 Romae
337 1475 369 1527 in
387 1490 558 1529 marmorea
578 1476 697 1530 tabella.
727 1492 837 1531 nomen
856 1478 989 1531 mulieris
1003 1479 1082 1531 inter
1097 1477 1180 1531 duos

160 1546 353 1599 hexametros
372 1547 584 1600 intercalatum
604 1548 764 1615 legebatur
788 1547 971 1616 Sempronio
993 1546 1127 1602 Moschis

232 1617 248 1669 2
267 1615 318 1670 cm'
332 1617 574 1685 monosyllabum
592 1618 657 1671 loco
673 1620 808 1687 spondei,
823 1620 893 1673 olim
907 1622 965 1673 fuit
978 1617 1087 1689 qecoiei.
1116 1620 1178 1674 nisi

162 1702 229 1740 cunr
250 1686 415 1741 Conradsio
436 1705 464 1756 p.
477 1688 512 1741 33
532 1689 634 1756 legere
653 1692 750 1743 mauis
770 1688 889 1757 enims),
915 1707 985 1744 nam
1007 1689 1096 1744 cuius
1112 1705 1177 1758 pro

159 1756 278 1812 aseritis
297 1759 391 1810 habes
410 1760 442 1811 in
461 1760 616 1812 christiani
636 1762 777 1813 carminis
791 1762 840 1813 cui
858 1762 1040 1831 principium
1060 1767 1105 1815 est
1123 1777 1177 1815 ao·

158 1826 240 1881 uticae
254 1844 332 1897 quae
343 1827 451 1882 Solida
469 1845 563 1883 uersu
580 1830 604 1883 9.
634 1831 687 1883 sed
706 1833 812 1885 melior
831 1831 963 1896 datiuus‚
982 1830 1086 1902 pratia
1105 1847 1180 1885 ccamr

159 1896 230 1952 dori
249 1898 342 1967 siqua
360 1900 458 1953 reluta
475 1901 570 1953 meost
589 1901 716 1954 Ouidius

637 2079 702 2143 369

160 2200 271 2266 Cernis
295 2208 330 2265 ut
354 2202 432 2267 orba
455 2203 544 2285 meis,
568 2201 695 2287 hospes,
719 2210 923 2268 monumenta
945 2204 1050 2269 loeaui

160 2315 193 2372 et
216 2308 315 2373 tristis
340 2309 445 2372 senior
467 2316 560 2373 natos
582 2308 765 2374 miseranda
788 2309 926 2392 requiro.
1002 2297 1008 2309 ’

160 2415 315 2498 exemplis
340 2414 509 2479 referenda
532 2434 604 2479 mea
629 2422 677 2480 cst
701 2415 828 2480 deserta
851 2422 1009 2499 senectus,

159 2527 194 2583 nt
217 2521 343 2585 steriles
368 2540 443 2585 uere
466 2522 590 2605 possint
611 2520 753 2604 gaudere
776 2521 922 2586 maritae.

205 2660 210 2668 “
233 2677 430 2744 ernustes,
446 2684 513 2747 post
523 2677 675 2732 uasorum
686 2680 783 2748 periit.
812 2678 1180 2748 Ausurmanmrvsss,

160 2749 276 2817 Meyeri
297 2749 366 2832 1363
466 2751 498 2801 in
513 2765 593 2832 'agro
615 2750 800 2830 Ferrariensi
819 2753 849 2804 iu
869 2752 950 2804 ualle
969 2751 1100 2832 Trebiae

165 2822 1180 2962 statutt}2litatlblalttt'tlabi’saltabit:

160 2964 218 3015 bus
238 2970 299 3016 tres
319 2962 457 3015 adiectae
477 2963 590 3015 circum
610 2979 732 3016 carmen
752 2964 878 3033 effigies.
907 2965 1041 3032 loquitur
1062 2963 1166 3017 Tertia

638 3142 704 3205 370

161 3263 278 3330 Oenius
302 3264 355 3330 hle
378 3265 457 3330 situs
481 3272 530 3330 est
553 3265 640 3330 llani
663 3266 816 3350 prosapia
838 3266 964 3332 Festus.

234 3422 305 3477 ClL.
326 3424 354 3477 X
372 3424 443 3477 8089
462 3423 501 3477 ad
522 3429 664 3493 ectypum
772 3440 867 3493 prope
885 3423 1094 3494 Metapontum
1112 3439 1178 3493 rep.

162 3494 277 3562 cippus,
297 3511 380 3548 nunc
398 3496 558 3550 Potentiae
674 3494 816 3549 notabilis
834 3511 908 3550 usus
927 3497 1070 3550 uocabuli
1091 3496 1180 3550 obso-

160 3563 213 3617 leti
233 3563 303 3627 (Cic.
323 3566 398 3620 Tim.
419 3569 460 3631 11,
481 3566 654 3630 Quintilian.
675 3565 689 3618 l
708 3566 733 3630 6,
752 3565 797 3631 40)
820 3583 874 3636 pro
894 3567 954 3621 filio
