2646 3884
578 192 705 234 sennan

132 343 236 407 ‘Hane
260 347 351 406 casta
374 341 512 407 coniunx
536 347 567 406 et
590 340 666 423 m[ei
690 360 783 406 serua
806 342 1001 426 memoriam,

131 449 216 514 haue
238 449 282 512 mi
305 447 448 513 Diodore
471 448 573 512 amice
596 446 771 530 iralterqne
795 454 827 513 et
849 469 975 533 parere,

95 576 207 621 mnam
231 568 264 620 et
287 556 383 620 amici
406 553 513 619 officia
536 560 569 619 et
591 553 757 639 pietatem
781 553 921 639 implesti
944 557 1055 641 patris,

133 662 216 727 haue
239 682 327 746 pupa
349 660 479 743 blanda,
503 661 610 726 anima
632 661 725 745 mlea,
750 668 848 744 tuque
872 662 955 727 haue
978 683 1057 748 puer

134 790 228 853 quem
249 788 351 853 nuper
373 788 523 853 pararem
545 774 580 831 ut
604 767 768 851 hab[erem
792 766 942 838 heredem
965 767 1123 834 nominis!

206 963 279 1019 CIL.
298 962 339 1016 VI
358 961 447 1015 22102
466 977 504 1014 ex
524 962 659 1015 Manutie
680 968 709 1016 et
727 962 879 1031 Winghio‚
903 962 1039 1017 Fabretti
1057 965 1146 1017 inser.

134 1036 228 1104 antiq.
249 1034 328 1103 expl.
348 1033 408 1100 123,
428 1034 462 1086 28
578 1034 636 1086 fuit
655 1033 777 1087 Romae.
806 1033 962 1102 praecedit
981 1050 1062 1087 unus
1080 1050 1148 1089 uer·

135 1124 187 1162 sus
206 1106 245 1160 ad
264 1105 345 1158 hunc
364 1104 488 1157 modum
508 1104 677 1172 explendus
697 1104 728 1166 Q.
749 1103 880 1173 Mar-dio
901 1105 932 1167 Q.
954 1105 972 1158 l.
993 1104 1148 1173 Stephano

134 1176 269 1233 Moschis
289 1174 460 1244 coniuratus.
474 1191 497 1229 e.
518 1177 669 1229 contrarie
680 1175 860 1229 Ritschelins
873 1178 925 1244 qui
939 1178 1064 1230 carmini
1080 1193 1149 1247 ope·

135 1266 198 1304 ram
220 1248 304 1303 dedit
325 1247 406 1300 anth.
420 1247 470 1300 lat.
484 1246 585 1300 coroll.
601 1262 627 1315 p.
642 1247 658 1300 8
672 1248 769 1315 prima
783 1248 856 1300 iacit
868 1248 945 1301 haec
956 1247 987 1309 Q.
998 1247 1148 1316 Meropus

138 1318 384 1384 1111111111
408 1315 533 1387 coniuqe'
556 1318 581 1371 b.
602 1333 640 1370 m.
664 1319 769 1386 itaque
792 1317 897 1372 Marcii
924 1319 1148 1374 adlocutionem

136 1407 203 1447 esse
223 1392 265 1444 ait
284 1390 324 1444 ad
342 1394 492 1443 mortuam
512 1403 639 1442 uxorem
652 1387 826 1458 Stephanen
846 1391 1046 1459 pertinentem
1060 1406 1078 1445 a
1092 1394 1143 1444 1.]

136 1464 176 1517 ad
195 1463 212 1517 8
232 1469 261 1516 et
274 1463 380 1514 uxoris
393 1475 571 1529 responsum
586 1461 746 1529 postremis
758 1461 899 1514 uersibus
913 1466 1066 1529 quattuor.
1087 1478 1149 1531 qua

136 1538 168 1588 11
187 1535 306 1601 ratione
326 1548 393 1585 cum
414 1532 474 1585 alia
493 1532 685 1585 incommoda
705 1537 775 1585 sunt
794 1539 857 1584 tum
877 1532 935 1587 hoc
959 1533 1149 1587 intolerabile

137 1605 220 1675 qnod
238 1603 422 1658 uersiculum
443 1606 538 1656 totum
558 1604 753 1671 interponere
773 1609 896 1656 coactus
916 1608 961 1657 est
979 1605 1105 1658 1111110
1120 1609 1149 1658 et

136 1677 280 1731 ntalem
300 1676 327 1727 te
345 1689 412 1727 mea
435 1674 534 1727 saluto
553 1673 695 1739 Moschis
720 1676 747 1726 te
765 1672 928 1743 Dionysia.
961 1676 1051 1729 immo
1074 1691 1150 1729 mor-

137 1753 224 1802 tuum
252 1745 438 1815 Stephanum
468 1744 651 1797 adlocuntur
677 1745 807 1798 Moschis
834 1760 915 1798 uxor
943 1751 973 1799 et
996 1746 1150 1800 Diodorus

138 1818 365 1873 contubernalis
385 1821 415 1869 et
434 1816 520 1869 liberi
540 1816 661 1884 paruuli
681 1815 751 1875 duo,
774 1820 918 1884 quattuor
937 1816 991 1870 hos
1004 1818 1054 1871 ille
1070 1833 1150 1872 resa-

136 1892 215 1944 lutat
225 1888 408 1958 singillatim.
422 1889 573 1956 scriptura
584 1887 724 1940 carminis
738 1887 899 1941 emendata
913 1893 1041 1958 excepto
1056 1886 1150 1957 accpi,

137 1962 169 2015 id
189 1962 214 2014 si
232 1974 307 2013 uere
325 1960 384 2012 fuit
402 1974 432 2011 u.
452 1958 476 2025 3,
496 1974 566 2011 nam
586 1959 751 2011 eberonem
769 1958 818 2012 uel
838 1959 948 2012 eruditi
968 1961 1149 2028 probabant,

136 2029 277 2086 1111111
301 2030 414 2085 resedit
438 2030 524 2098 quasi
549 2044 674 2098 aerugo.
707 2030 1151 2084 1111111111111111111111111-

137 2108 245 2173 ruptos
271 2103 366 2155 fuisse
395 2115 474 2170 quae
498 2107 661 2170 supersunt
688 2100 857 2170 particulae
882 2102 1005 2156 abunde
1030 2102 1150 2156 demon·

138 2179 243 2241 strant,
262 2173 279 2226 2
298 2173 352 2226 111
371 2187 438 2225 cum
457 2172 566 2224 uitium
585 2172 710 2226 haereat
729 2173 761 2225 in
773 2173 903 2240 nomine,
923 2173 996 2226 satis
1009 2179 1150 2242 paratum

138 2253 184 2300 est
203 2243 347 2314 praesidii
360 2244 389 2296 ei
402 2258 464 2311 qua
476 2258 598 2297 uersum
618 2243 636 2295 4
651 2243 785 2297 conclusi
801 2245 922 2296 immani
942 2244 1149 2312 modulationi,

139 2318 172 2371 11
191 2317 245 2369 nbi
258 2316 359 2368 hiatus
373 2320 419 2368 est
433 2315 465 2367 in
479 2329 615 2379 caesura,
636 2314 746 2367 deinde
765 2315 782 2368 6
801 2316 817 2369 'l
838 2314 879 2367 12.
908 2314 1063 2368 Ritschelii
1082 2331 1151 2384 sup·

137 2389 290 2458 plementa
315 2400 395 2454 qnae
420 2386 542 2454 quidem
562 2390 689 2438 nostrae
712 2385 750 2438 de
768 2387 913 2439 uniuerso
933 2387 1067 2439 carmine
1086 2402 1151 2440 sen-

138 2459 252 2513 tentiae
271 2473 334 2511 non
353 2462 563 2525 repugnarent
582 2458 647 2510 iere
665 2458 814 2509 inmutata
834 2457 945 2509 retinui

209 2530 226 2582 2
247 2528 379 2582 debebat
397 2527 488 2580 scribi
508 2543 524 2580 o
543 2527 593 2581 uel
611 2525 824 2594 miStephaae.
850 2531 885 2580 ut
897 2528 928 2579 in
942 2528 1085 2581 teminino
1099 2542 1151 2581 no·

137 2601 219 2655 mine
238 2598 391 2667 Stephane
408 2596 488 2651 uitai
506 2599 556 2651 uel
576 2596 727 2665 Stephane
746 2599 779 2651 tu
798 2595 880 2651 uitae
899 2597 1079 2652 Ritschelins

174 2672 241 2725 311
261 2670 394 2739 eleganti
419 2670 489 2722 lusu
511 2684 572 2737 quo
598 2684 673 2723 uere
692 2674 833 2734 στέφανος
852 2671 908 2723 1111
927 2671 1021 2723 inisse
1041 2670 1151 2722 dicitur

137 2743 236 2797 ualuit
256 2742 346 2794 etiam
365 2754 472 2794 sensus
492 2741 531 2793 ab
551 2741 774 2809 epitaphiorum
796 2741 995 2809 scriptoribus
1019 2742 1151 2794 iactatus

139 2811 252 2868 decidit
269 2810 304 2865 in
320 2812 396 2881 flore
414 2810 564 2864 iuuentae.
593 2812 690 2865 uerba
704 2811 811 2864 redimi
825 2812 914 2865 nullis
928 2813 1071 2881 impensis
1084 2827 1151 2880 pos-

139 2887 217 2939 sunt.
251 2900 270 2937 α
289 2881 360 2950 capi
371 2922 395 2936 ..
414 2882 576 2951 Winghius
595 2882 729 2947 tradidit,
753 2883 836 2936 unde
856 2899 875 2935 a
894 2881 993 2950 capite
1011 2883 1151 2936 aetolsam

137 2957 194 3027 fleo
212 2954 393 3009 Ritschelins
412 2968 487 3006 mus.
507 2953 590 3007 rhen.
611 2954 645 3007 16
665 2970 692 3022 p.
707 2953 758 3007 297
778 2954 911 3022 perbelle
1046 2953 1150 3008 41111

138 3027 269 3081 nominis
293 3025 374 3093 quod
399 3039 416 3078 1
439 3023 504 3077 119
529 3024 680 3093 colligitur
703 3029 831 3078 metrum
856 3025 1002 3093 poscebat
1024 3022 1149 3078 amicus.

140 3098 220 3151 duae
244 3097 301 3150 hae
326 3095 517 3163 corruptelae
541 3097 573 3149 in
592 3096 609 3148 2
629 3096 694 3149 114
713 3096 900 3164 archetypum
924 3110 1046 3149 carmen
1069 3111 1152 3148 mon·

140 3174 237 3223 strant
259 3169 291 3221 in
316 3183 376 3236 que
398 3167 482 3246 paris
501 3182 662 3221 mensurae
681 3168 804 3220 nomina
823 3168 892 3220 uice
911 3181 1002 3219 uersa
1021 3167 1099 3220 inter
1119 3181 1152 3221 se

139 3240 323 3308 exceperint.
360 3235 516 3306 Dionysia
534 3237 714 3292 Ritschelins
735 3239 786 3307 qui
806 3244 868 3290 tarn
888 3238 966 3290 hanc
985 3253 1076 3305 qrram
1092 3237 1152 3291 Mo-

139 3311 272 3366 schidem
292 3310 383 3362 filiam
403 3309 536 3361 familiae
555 3310 628 3362 iecit
728 3308 744 3361 6
763 3309 902 3376 longiore
923 3324 999 3377 opus
1020 3313 1064 3362 est
1084 3324 1152 3378 sup-

160 3383 291 3436 lemento
311 3382 336 3434 si
356 3379 476 3449 quidem
497 3380 527 3432 in
547 3385 655 3433 trunco
675 3379 771 3432 uerbo
791 3395 852 3431 non
875 3378 965 3433 debet
979 3381 1085 3447 quaeri
1098 3395 1152 3433 nu-

139 3400 270 3521 iirieran
301 3451 482 3505 Ritschelins
500 3450 613 3519 anlper
630 3451 771 3520 pestabac
790 3447 884 3503 Paris
904 3450 1010 3504 leuans
1028 3465 1152 3504 uersum

139 3527 173 3577 tu
191 3525 371 3593 pronomine
391 3521 521 3591 dempto.
554 3536 697 3576 numeros
716 3522 825 3589 prioris
840 3522 935 3590 partis
949 3522 1040 3575 etiam
1053 3522 1152 3575 inuer-

138 3595 231 3649 tendo
249 3609 374 3663 repares
394 3591 456 3646 tuis
474 3595 516 3660 tu,
537 3594 562 3646 si
581 3592 741 3662 posteriori
755 3597 842 3645 extra
861 3592 984 3645 modum
999 3591 1152 3661 quidesse

192 3679 296 3724 Anthol.
310 3680 354 3722 lat.
368 3679 394 3722 11
974 3678 992 3733 4
