2650 3882
170 153 223 207 164
608 165 747 206 nncrrm

244 312 315 367 CIL.
336 311 395 365 XII
413 310 491 378 5687,
511 311 536 377 9,
555 310 710 366 Froelrner
729 312 772 366 les
789 312 911 367 musees
930 311 1096 366 deFrance
1115 329 1143 381 p.
1154 312 1191 366 14

170 383 325 449 difficilem
344 384 425 437 lectu
444 383 669 452 inscriptionem
692 398 759 437 esse
775 387 904 437 testatus
1005 385 1037 436 in
1057 384 1193 452 lagoena

171 470 253 523 quae
272 456 304 507 in
317 453 481 507 Prouincia
501 459 624 523 reperta
642 455 675 507 in
693 469 798 508 museo
810 452 1068 524 Sangermanensi
1088 455 1191 508 adser-

171 531 265 579 uatur
283 523 431 594 Apollinis
454 524 656 593 Marsyaeque
680 530 843 590 certamen¹
857 530 1116 606 repraesentante.
1148 526 1191 579 ab

172 598 269 651 altera
289 601 376 666 parte
396 596 519 650 artificis
538 611 649 649 nomen
669 596 780 665 legitur
800 595 1012 664 Apollinornal
1032 612 1101 650 cero

242 669 257 720 1
275 667 406 736 Marsya
419 668 531 721 usitata
541 666 685 720 Romanis
696 667 786 720 etiam
799 669 980 721 nominatiui
993 669 1091 721 forma
1105 667 1187 731 (Hor.
1241 726 1243 729 ,

172 745 225 793 sat.
247 738 305 803 16,
326 738 378 792 120
406 737 460 792 Ou.
480 743 549 792 met.
568 737 609 790 VI
627 737 681 790 400
709 736 770 790 AL.
790 738 871 792 Riesi
891 739 1011 803 173‚·1):
1040 739 1191 808 Marsyas

172 812 265 864 cantu
283 810 443 864 uasculum
579 808 597 860 2
617 808 743 862 Ouidius
762 816 831 863 met.
850 809 879 863 X
897 810 951 863 602
970 807 1046 880 quid
1063 807 1194 879 facilem

172 880 294 935 titulum
314 880 490 948 superando
510 877 635 950 qnaeris
653 878 787 933 inertes?
804 895 921 935 mecum
939 881 1045 950 confer
1144 896 1191 933 re·

170 951 287 1007 mansit
305 951 470 1019 Froehner,
488 965 589 1004 remos
608 952 752 1020 apparuit

645 1130 710 1194 343
738 1149 740 1154 ·

171 1254 343 1341 Respi[oi]t
367 1254 410 1319 ad
434 1255 552 1319 malum
575 1254 757 1338 pernicibus
780 1255 878 1339 ignea
900 1256 1020 1340 plantis

77 1442 84 1456 .
171 1382 256 1445 quae
279 1381 337 1446 pro
362 1360 438 1425 dote
462 1366 557 1444 parat
580 1365 723 1442 mortem,
748 1361 938 1444 quicumque
961 1361 1070 1445 fugaci

171 1468 268 1532 uelox
291 1467 323 1530 in
348 1486 440 1530 emsu
465 1464 647 1548 eeslslasset
669 1465 793 1548 uirgine
816 1468 897 1531 nisa.

243 1642 397 1696 Froebner
416 1640 594 1695 modaillons
618 1657 692 1694 rom.
718 1656 755 1694 en
780 1648 860 1696 terre
885 1642 965 1695 cuite
989 1658 1016 1710 p.
1037 1643 1130 1711 9scq.
1157 1646 1190 1697 in

171 1715 276 1767 dlariis
294 1712 486 1781 arehaeolog.
498 1709 620 1766 Gallicis
640 1728 667 1764 a.
682 1712 752 1766 1890
852 1711 1023 1767 Arausione
1042 1715 1074 1766 in
1094 1729 1190 1769 urceo

171 1786 316 1851 scriptum
344 1785 456 1837 circum
481 1784 644 1852 imaginem
670 1799 730 1851 qua
753 1789 1002 1852 repraesentatur
1029 1785 1099 1838 hinc
1118 1786 1190 1840 Ata·

170 1858 252 1910 lonte
272 1856 383 1909 malum
400 1856 508 1908 dextra
527 1870 620 1907 uranu
639 1859 746 1908 tenens
763 1861 792 1909 et
802 1853 972 1910 Schoeneus
991 1862 1078 1925 pater
1099 1859 1187 1926 quasi

171 1928 330 1992 meditans,
358 1927 439 1979 illinc
458 1924 673 1994 Hippomedon
696 1926 750 1993 (ita
774 1927 886 1995 figulus
911 1943 965 1995 pro
985 1927 1188 1997 Hippomene)

171 2000 291 2051 laurum
320 1998 513 2066 palmamque
537 2013 648 2066 gerens
677 2006 706 2051 et
730 1997 891 2050 Palaestra
917 1998 1068 2052 adsidens.
1105 2001 1188 2052 inl'ra

171 2070 284 2138 legitur
295 2066 416 2135 Felicis]
437 2083 514 2133 cera,
534 2084 603 2121 nam
622 2065 733 2122 Felicis
752 2084 863 2122 nomen
885 2070 917 2122 in
936 2070 1031 2124 altera
1051 2070 1186 2124 eiusdem

171 2142 256 2194 urcei
275 2140 409 2207 imagine
428 2140 580 2207 integrum
601 2145 694 2193 extat.
729 2140 850 2193 saeculo
874 2140 918 2193 III
937 2156 1059 2193 carmen
1078 2140 1187 2194 Froeh·

172 2227 227 2265 ner
255 2210 398 2279 adsignat
425 2225 526 2277 neque
553 2210 594 2262 illi
623 2211 681 2278 ipsi
710 2225 841 2265 scaenae
866 2213 1031 2265 conuenire
1060 2212 1188 2265 adnotat

173 2298 264 2350 quam
284 2283 395 2335 artilex
415 2282 572 2349 expressit,
591 2282 622 2333 in
643 2282 700 2334 bac
719 2282 799 2334 enim
818 2282 919 2350 puella
938 2283 1024 2336 uoltu
1038 2297 1147 2336 auerso
1168 2297 1187 2334 a

172 2354 251 2406 malo
271 2355 413 2406 iuuenem
435 2353 543 2420 aspicit
562 2352 711 2405 adsistens
731 2358 837 2405 contra

203 2481 204 2484 Ἴ
245 2425 258 2475 1
285 2423 360 2477 Aen.
381 2422 424 2476 XI
443 2423 496 2476 718
521 2424 593 2476 baec
615 2423 705 2492 fatur
728 2424 819 2492 nirpo
843 2425 871 2476 et
891 2420 1070 2491 pernicibus
1095 2421 1190 2493 ipizea

169 2493 289 2563 plantis
309 2493 422 2548 transit
440 2510 548 2564 equom
567 2509 660 2548 corsa
681 2493 805 2548 Camilla

649 2673 716 2736 344

144 2762 147 2767 ⁴
170 2795 332 2862 Centauro
356 2788 483 2861 uehitur
507 2803 601 2881 rapta
623 2796 804 2880 Deia[n]ira
826 2798 952 2862 marito.
974 2805 995 2833 ³

243 2972 454 3026 Muellenbach
474 2972 504 3025 in
524 2987 629 3032 museo
649 2972 719 3041 phil.
739 2968 886 3027 Rhenano
898 2971 976 3026 'XLI
995 2974 1064 3028 1886
1084 2989 1112 3042 p.
1125 2972 1187 3038 320,
1235 3030 1239 3037 ,

171 3043 285 3096 contuli
432 3042 576 3098 Coloniae
594 3043 791 3113 Agrippinae,
812 3059 894 3097 nunc
913 3043 1039 3098 Bonnae

172 3115 362 3167 orbiculatim
391 3116 536 3184 scriptum
564 3117 595 3168 in
620 3116 719 3168 catillo
744 3115 871 3184 figulino
896 3130 956 3183 quo
982 3115 1094 3169 Nessus
1119 3131 1187 3169 cuni

170 3185 316 3239 Deianira
340 3187 463 3254 lugiens
489 3193 519 3239 et
537 3186 683 3240 Hercules
708 3201 812 3239 arcum
837 3188 864 3240 ei
888 3186 1049 3240 intendens
1068 3202 1189 3256 reprae-

171 3262 316 3309 sentatur.
355 3258 411 3310 sub
437 3256 577 3311 Herculis
601 3258 700 3326 figura
725 3258 838 3311 Hercul
861 3266 998 3326 apparet,
1026 3260 1058 3311 in
1086 3259 1188 3312 medio

173 3342 265 3395 opere
276 3325 457 3382 Primionas
474 3326 556 3396 fecit.
585 3329 698 3382 saeculi
710 3329 775 3384 fere
789 3330 878 3383 tertii.
903 3328 942 3381 ad
955 3335 1084 3382 metrum
1100 3331 1188 3398 quasi

170 3400 291 3465 ralpttn
310 3399 469 3452 breuiatur
