2650 3882
571 166 759 206 naxaunrar
1114 156 1168 210 217

152 309 284 363 Hermas
302 307 364 378 411]1’
388 309 558 378 1441144114
583 327 636 366 411
655 311 691 380 41]
707 310 853 381 41111141.
870 312 895 382 f.
920 315 1050 369 fortasse
1069 317 1166 384 prima

152 381 250 434 uerba
269 386 357 435 extra
375 397 518 437 numeros
539 384 646 452 posita.
680 388 748 452 post
769 381 833 452 fuit
856 391 1002 454 punctum
1023 388 1166 455 cernitur,

151 456 187 504 ut
205 452 331 506 breuem
349 453 492 507 uoculam
510 455 596 508 uelut
614 455 668 508 sed
686 456 854 509 insecutam
873 471 939 510 esse
959 457 1066 511 credas

150 521 170 574 2
188 522 352 591 legendum
371 522 469 592 cupiit
488 526 596 594 opinor
710 541 814 580 musco
834 526 1018 595 dependenti
1036 529 1076 582 ad
1095 531 1167 584 ima·

151 594 255 662 ginem
274 609 383 664 specus
402 600 467 649 arte
486 596 682 663 reddendam,
701 601 736 651 ut
755 599 798 651 ait
815 597 931 651 Plinius
950 599 1076 653 XXXVI
1096 601 1148 655 154

223 664 293 732 341]
315 663 354 719 eti
374 667 560 735 complicitas
579 666 704 722 Accurs.
840 668 859 722 4
879 684 917 723 ex
937 669 989 723 tali
1009 672 1167 726 4414111441

150 736 263 790 notatis
282 734 374 806 liquit
393 736 568 808 1441114414.
582 737 710 808 parenti
800 802 803 810 ,

626 919 692 982 463

150 1041 212 1105 Hic
236 1041 315 1106 situs
338 1042 393 1106 ille
417 1061 478 1125 ego
502 1062 571 1107 sum
594 1043 768 1108 merulator
790 1044 923 1109 Publius
946 1045 1026 1128 ipse,

149 1147 238 1230 quod
260 1149 420 1214 uocitatus
444 1168 531 1213 eram
555 1150 695 1215 Baebius
718 1152 908 1234 cognomine
931 1151 1041 1235 patris.

150 1253 256 1319 Roma
279 1254 358 1318 mihi
381 1255 498 1338 patria,
522 1275 637 1320 nomen
660 1276 733 1321 meu
756 1257 882 1321 Primus
904 1256 937 1320 in
961 1277 1085 1322 aeuom.

151 1360 211 1442 hos¹
234 1381 344 1427 uersus
367 1360 529 1445 fraterque
553 1382 643 1428 soror
665 1363 849 1445 tumuloque
862 1363 1030 1447 dicarunt,

123 1468 205 1550 equi
228 1468 349 1551 pietate
372 1487 431 1533 sua
454 1470 567 1535 merito
591 1469 718 1536 laudem
737 1472 887 1555 posuere.

223 1643 295 1699 CIL.
314 1644 355 1698 VI
375 1645 460 1700 13481
480 1645 602 1700 uiderat
621 1645 747 1715 (ludius,
774 1647 910 1702 Fabretti
927 1647 989 1714 418,
1008 1648 1069 1703 373.
1103 1646 1166 1702 AL.

151 1715 317 1770 Burmanni
336 1716 377 1770 IV
395 1717 438 1784 40,
458 1716 573 1786 Meyeri
594 1718 663 1772 1189
759 1717 874 1772 Romae
892 1720 1051 1773 inuentum
1072 1721 1104 1773 in
1123 1722 1167 1773 ui·

150 1802 211 1840 nea
330 1802 423 1857 supra
443 1803 566 1842 carmen
584 1790 644 1842 uiri
663 1791 789 1843 iacentis
808 1790 910 1858 imago
930 1790 988 1842 fuit
1006 1791 1166 1859 uerbaque

150 1874 179 1928 q.
199 1855 303 1925 atiaetit)
323 1874 395 1912 41111.
409 1860 537 1923 XXXX,
556 1861 637 1913 infra
656 1861 689 1913 P.
700 1860 834 1914 Baebius
853 1861 887 1913 P.
905 1860 1007 1929 flPal.
1018 1861 1167 1931 Myrtilus

149 1930 179 1982 et
188 1928 360 1998 Pomponio
373 1928 468 2000 Spica
481 1929 573 1985 411144
592 1929 692 2000 fratri
711 1929 895 2001 dignissimo
910 1933 938 1984 et
947 1929 1002 1999 pio
1019 1932 1165 2000 fecerunt.

150 2000 288 2069 Myrtilus
307 2002 355 2054 hic
374 2007 404 2055 41
421 2002 608 2071 Pomponiae
627 2001 718 2072 Spica
737 2008 766 2056 et
783 2002 955 2056 Fortunalis
974 2005 1167 2074 1414441494

147 2071 289 2140 fecerunt
308 2071 380 2126 CIL.
398 2072 440 2126 VI
459 2074 546 2127 13478

223 2144 237 2195 1
258 2159 327 2197 sum
346 2145 444 2197 omisit
463 2143 606 2209 Fabretti,
626 2143 743 2198 addidit
762 2142 881 2199 Gudius
900 2160 953 2198 ms.
972 2144 1033 2210 436,
1049 2143 1066 2197 2

148 2214 318 2267 aemulator
336 2216 521 2280 uocabulum
541 2217 689 2284 ignotum.
718 2231 829 2269 nomen
849 2217 1005 2285 proprium
1024 2215 1166 2285 Meyerus

150 2300 218 2339 esss
237 2287 351 2353 statuit,
370 2288 491 2355 signum
503 2286 666 2341 Henzenus
685 2288 713 2340 ei
733 2289 784 2355 qui
803 2289 956 2341 uocitatus
970 2292 1035 2341 erat
1046 2287 1080 2340 P.
1091 2287 1166 2340 Bae-

148 2354 220 2410 bius
232 2354 366 2410 Primus.
403 2357 601 2412 Forccllinius
620 2360 652 2411 in
670 2358 769 2413 lexico
789 2360 864 2411 meri
883 2361 1055 2426 potatorem
1074 2359 1166 2426 signi-

150 2428 235 2480 ficari
259 2434 446 2482 commentus
470 2433 515 2483 est
540 2434 664 2498 propter
682 2428 829 2482 Baebium
855 2443 966 2482 nomen
990 2444 1008 2482 a
1032 2428 1165 2483 bibendo

150 2498 331 2552 deriuatum.
361 2514 420 2568 ego
439 2501 542 2553 nescio
562 2516 602 2553 an
619 2515 737 2569 organa
751 2514 901 2568 aquarum
914 2499 963 2553 ille
977 2499 1084 2554 fecerit
1097 2515 1166 2553 con-

151 2570 212 2623 lato
223 2568 361 2624 Vitruuio
381 2570 410 2624 X
422 2571 492 2637 12,4
510 2572 563 2640 qui
580 2571 770 2625 merularum
789 2586 888 2639 aquae
905 2571 989 2624 1114111
1007 2585 1096 2625 uoces
1116 2585 1166 2624 ex·

151 2655 271 2709 pressas
291 2646 515 2706 commemorat,
543 2648 625 2696 certe
650 2642 771 2710 quidem
797 2643 955 2711 negotium
975 2647 1011 2695 ut
1025 2639 1167 2711 piscator

148 2713 305 2766 1441114141
323 2713 360 2766 41.
375 2713 514 2767 denotari
533 2713 665 2767 arbitror
772 2713 789 2766 2
808 2712 900 2783 qaod]
921 2712 1092 2782 explicatur
1111 2728 1167 2768 cur

149 2789 222 2837 ante
241 2784 386 2852 scriptum
406 2785 444 2838 sit
461 2782 542 2852 ipse:
570 2800 640 2837 nam
660 2786 791 2853 patrium
817 2799 929 2839 nornen
947 2783 1080 2838 Baebius
1099 2785 1165 2838 fuit.

148 2869 208 2907 nec
235 2856 386 2923 persuasit
406 2856 477 2908 mihi
497 2855 660 2909 chzeuus
686 2870 830 2925 peccasse
856 2856 1086 2935 quadratarium
1112 2860 1166 2909 441

148 2926 327 2995 scriptorem
347 2930 381 2979 ut
400 2927 452 2994 qui
471 2941 594 2980 uersum
613 2927 697 2980 illum
710 2928 809 2981 1141114
826 2925 904 2981 mati
918 2924 1027 2994 patria
1047 2926 1164 2980 debuis·
1254 2944 1257 2949 ⁴

93 3036 95 3040 ,
149 3000 196 3051 set
215 2997 376 3051 conlocare
394 3002 466 3051 ante
485 2997 566 3051 hunc
585 2998 668 3067 quod
685 2996 838 3052 uocitatus
947 2997 1166 3050 3444141411

147 3082 259 3122 nomen
283 3066 318 3122 ia
336 3083 444 3122 44114111
462 3068 656 3123 Burmannus
679 3074 889 3138 proposuerat,
914 3067 995 3121 idem
1013 3068 1032 3120 4
1050 3068 1167 3121 14111414

147 3153 259 3193 11411111
272 3138 403 3208 1141414.
423 3155 550 3209 441414,
571 3144 601 3193 41
618 3140 676 3193 hoc
695 3139 817 3208 quidem
837 3140 966 3208 scriptor
985 3139 1132 3208 cogitauit

621 3318 688 3383 464

148 3443 234 3507 Fata
256 3463 346 3508 suum
370 3442 492 3528 petiere
516 3441 617 3508 diem:
643 3445 698 3524 qui
721 3440 872 3524 reddidit,
970 3508 974 3514 ,

148 3548 204 3614 hic
226 3550 305 3615 situs
329 3556 377 3616 est
401 3549 644 3634 Philadelphus.
