2650 3882
143 147 199 201 172
581 163 736 207 DAOTYLI.
791 145 793 148 ’

144 323 171 361 o.
191 307 251 362 741.
288 310 403 375 φράσεις
428 324 466 362 ex
491 311 675 365 carminibus
698 313 842 381 repetitas
863 316 937 381 puto
955 309 1100 367 ministra
1119 310 1159 367 st'·

139 375 241 433 mitur
261 385 290 433 et
309 380 392 448 quod
409 376 486 433 uiua
504 380 631 450 ropautt

621 561 686 625 366

141 683 283 749 Partitis
306 683 418 749 heredi
442 690 475 749 et
497 705 555 749 uos
578 684 754 751 insentibus
778 686 887 752 dedite
910 688 1013 753 morti.
1110 668 1114 677 ⁴

140 790 172 854 si
197 789 274 872 quid
296 791 411 855 mortui
435 790 565 874 habent,
589 790 650 857 hoo
673 812 777 857 meum
801 794 871 876 erit,
897 802 1005 860 eeteru
1028 794 1144 876 liq(ui).

216 966 342 1021 Henzen
363 966 411 1021 Or.
425 966 503 1035 6457,
523 966 594 1022 CIL.
605 968 674 1022 XIV
686 969 765 1031 3945,
784 969 930 1024 Huebner
949 971 1077 1040 exempl.
1097 971 1158 1024 n.8

251 1037 391 1092 Nomenti
411 1054 473 1106 rep.
493 1041 624 1092 nuncin
644 1055 748 1094 museo
759 1040 911 1095 Laterano
1013 1043 1158 1111 praesori-

142 1114 231 1178 ptum
254 1109 284 1162 T.
308 1106 406 1163 littus
434 1110 463 1162 T.
481 1109 506 1178 f.
526 1109 658 1180 Serlpt‘a)
682 1112 786 1180 Tappo
806 1113 910 1167 XXVI
927 1110 987 1178 uir,
1011 1113 1041 1166 T.
1060 1111 1157 1166 Titios
1206 1157 1209 1162 .

150 1180 181 1233 T.
199 1179 223 1248 f.
238 1179 302 1235 Ser.
322 1181 518 1249 Poppatenos
532 1184 633 1249 pater,
653 1182 761 1237 Ges-sio
780 1182 891 1251 Mlaoi)
910 1184 934 1253 f.
953 1185 1059 1250 mater,
1078 1182 1158 1237 Titia

150 1251 223 1320 T.f.
246 1250 332 1320 Rufa
351 1267 447 1318 soror,
476 1253 679 1322 subscriptum
702 1252 855 1308 arbitratu
876 1254 906 1317 d.
931 1253 1063 1309 Vmbrtct‘
1083 1254 1114 1318 Q.
1132 1255 1157 1325 f.

145 1321 302 1385 Cla(ttdt'ol
322 1321 435 1389 Flacci,
454 1324 531 1387 bloo)
549 1327 799 1389 mlonumontum)
818 1326 978 1390 bieredeml
997 1325 1081 1393 mon)
1105 1330 1158 1390 sle·

141 1390 271 1462 quitur).
299 1393 411 1462 uiginti
430 1409 485 1447 sex
504 1395 588 1448 uiros
608 1397 660 1462 qui
678 1403 848 1450 memorant
866 1398 943 1450 tituli
963 1411 1042 1450 aeuo
1055 1398 1158 1452 inseri-

146 1465 189 1533 pti
209 1471 279 1518 sunt
298 1463 458 1534 Augusteo
478 1464 654 1528 (Mommsen
673 1468 747 1521 iuris
767 1468 848 1537 publ.
868 1467 897 1520 II
918 1468 931 1520 1
955 1485 982 1537 p.
996 1468 1069 1531 579).
1103 1483 1158 1522 nu-

145 1538 221 1588 meri
241 1536 342 1588 uitiati

218 1606 232 1658 1
253 1607 350 1674 prima
368 1606 464 1659 uerba
483 1608 549 1661 sine
567 1607 660 1662 dubio
682 1608 722 1662 ad
740 1608 844 1663 Manes
868 1609 950 1663 diota
968 1608 1088 1678 parcite
1111 1611 1158 1663 be-

140 1675 222 1731 redi.
260 1684 323 1730 tum
342 1675 545 1732 Mommsenus
563 1678 667 1733 Manes
692 1681 911 1749 respondentes
935 1681 1021 1734 facit:
1050 1683 1077 1734 et
1101 1695 1158 1734 uos

145 1749 288 1815 uiatores,
309 1748 436 1803 heredes
449 1746 620 1804 insentibus
634 1752 651 1803 i.
666 1752 709 1805 eis
723 1752 775 1819 qui
789 1753 821 1804 in
834 1752 973 1821 sepulcro
992 1753 1097 1805 insunt
1110 1752 1158 1805 de·

144 1817 208 1873 dite
220 1817 313 1874 morti
326 1818 436 1873 debita.
468 1820 573 1874 dubito
588 1823 660 1891 quia
675 1823 731 1876 hoe
745 1822 828 1877 deest
841 1823 1026 1877 uocabulum
1041 1823 1158 1892 grauis·

142 1892 262 1945 simum.
290 1890 363 1944 uide
375 1906 415 1945 ne
424 1906 481 1946 dos
492 1895 686 1947 aecusatiuus
700 1895 745 1960 sit,
757 1896 853 1949 uerba
867 1895 907 1947 ad
922 1893 1044 1948 eosdem
1054 1893 1159 1948 Manes

143 1962 232 2015 data:
251 1961 353 2016 dedite
372 1977 428 2016 uos
448 1964 572 2032 sepultis
592 1964 631 2017 ad
651 1971 785 2029 mortem,
805 1965 940 2019 habitate
959 1965 1027 2018 lota
1045 1966 1158 2018 mortis.

143 2031 251 2087 inserts
269 2048 421 2101 nusquam
440 2034 553 2103 legitur
571 2035 659 2103 alias3
679 2037 777 2104 potuit
796 2038 822 2091 is
841 2036 962 2106 quidem
983 2051 1049 2090 esse
1069 2037 1159 2090 etiam

147 2104 335 2170 ἀνύπαρκτος.
365 2121 405 2158 an
424 2108 542 2173 priscae
562 2106 619 2159 hoe
639 2113 668 2159 et
687 2107 846 2162 abstrusae
865 2108 1021 2177 religionis
1038 2111 1073 2160 ut
1091 2122 1159 2161 con-

142 2174 266 2230 sentes?
295 2176 495 2244 improbabile
513 2175 547 2231 in
566 2176 702 2248 sentibus

618 2339 680 2403 367

141 2462 291 2547 Aspicite
313 2463 397 2528 hano
420 2465 571 2548 speeiem,
594 2465 714 2545 iuenes‚
738 2464 930 2529 miserabilis
952 2463 1032 2527 hora

191 2571 265 2652 quoi
288 2569 392 2635 lucem
415 2570 532 2656 eripuit
557 2590 695 2652 caroque
718 2573 786 2637 uiro
810 2570 901 2635 dedit
923 2571 1051 2635 luctum.

146 2675 200 2741 hio
222 2676 334 2741 uobeis
355 2676 462 2759 dignis
485 2697 549 2741 una
571 2697 695 2742 meeum
714 2677 804 2741 dedit
828 2677 891 2742 hoe
912 2684 1159 2742 monumentum.

191 2781 273 2846 haee
295 2803 316 2846 a
338 2776 451 2847 uobeis
473 2783 586 2847 merito
611 2782 688 2847 data
711 2785 803 2849 nobis
826 2785 970 2868 praemia
994 2784 1105 2865 laetor,

121 2888 232 2972 squod
255 2890 380 2974 speeies
403 2896 529 2955 nostras
552 2891 643 2955 titulo
668 2889 784 2973 dignas
808 2909 877 2955 esse
900 2890 1048 2975 putastis.

191 3017 275 3062 nuno
302 3017 381 3080 rogo
411 2996 497 3079 quod
521 2998 674 3079 sequitur,
707 3017 833 3082 semper
856 2997 956 3062 nostri
979 2996 1160 3061 meminisse

999 3103 1115 3169 uelitis.

146 3208 222 3293 holo
245 3228 371 3292 quoque
395 3229 472 3274 eura
495 3210 574 3274 uelit
595 3216 704 3274 uestra
727 3209 823 3275 laude
847 3210 1008 3293 tributum,

193 3314 275 3398 culm
291 3314 391 3381 iatum
408 3316 526 3399 tulerit,
542 3337 606 3381 una
619 3318 687 3381 eius
702 3336 827 3382 meeum
840 3317 977 3382 oondere
990 3337 1063 3383 ossa
1079 3318 1160 3382 loeo.

133 3546 136 3551 ,
220 3489 292 3545 CIL.
302 3490 343 3544 VI
353 3492 442 3546 30120
461 3492 557 3548 deser.
567 3493 693 3548 Henzen
796 3493 866 3547 olim
886 3493 926 3547 ad
943 3494 1060 3561 urbem,
1079 3508 1163 3547 nune

147 3562 319 3617 Florentiae
338 3564 443 3618 tabula
462 3580 633 3619 marmorea
742 3565 871 3620 iuuenes
891 3579 967 3633 quos
986 3565 1163 3635 adloquitur
