2634 3892
549 154 738 195 nuxuuu'rlsl

133 321 193 366 uos
215 320 339 385 precor,
364 320 382 365 o
406 299 532 383 fratres,
556 321 648 366 orare
671 301 734 367 huc
757 301 885 384 quando
908 303 1038 388 ueni[tis

135 413 168 473 et
189 408 338 492 precibus
361 407 439 473 totis
461 414 586 493 patrem
609 413 783 490 natumque
806 410 939 492 rogatis,

134 516 176 581 sit
198 521 326 580 uestrae
349 514 463 579 mentis
487 514 619 600 Agapes
643 534 738 580 carae
760 516 955 599 meminisse,

96 646 124 686 ιο
133 627 168 686 ut
192 620 271 687 deus
294 622 494 706 omnipotens
516 622 654 706 Agapen
677 623 711 686 in
734 623 864 688 saecula
887 628 1004 688 seruet.

205 796 313 851 Marini
332 799 400 852 iser.
419 797 530 852 Albani
549 815 578 868 p.
591 798 627 851 32
645 799 698 852 ubi
718 799 756 853 de
775 799 943 853 litterarum
967 805 1153 854 transmuta-

133 870 217 924 tione
241 869 361 924 disserit
385 870 483 939 qualis
508 871 539 922 in
565 868 679 924 Crhisti
700 870 853 925 uocabulo
882 872 931 924 hic
954 873 1150 940 conspicitur,

132 939 221 995 Rossi
237 942 326 994 inscr.
347 942 447 994 christ.
457 940 541 994 Rom.
555 941 584 993 ll
603 958 632 1010 p.
644 940 729 994 XXX
748 943 799 1010 qui
821 942 957 1011 expleuit
977 957 1099 997 carmen
1118 949 1151 998 et

133 1012 212 1065 inter
230 1013 440 1080 antiquissima
460 1012 624 1066 christiana
643 1014 796 1066 recensuit
894 1012 1009 1067 Rornae
1031 1015 1062 1067 in
1083 1029 1151 1069 coe·

132 1085 258 1137 meterio
277 1082 432 1137 Priscillae
450 1084 482 1136 in
501 1083 653 1152 lapidibus
673 1084 793 1137 duobus
812 1083 918 1137 litteris
937 1084 1025 1138 bonis
1045 1100 1082 1138 ac
1099 1100 1152 1139 ru-

133 1153 265 1208 bricatis.
302 1169 411 1207 uersus
433 1153 498 1207 7-10
520 1155 641 1223 repetiti
663 1154 809 1224 leguntur
826 1156 858 1208 in
878 1155 1031 1224 epitaphio
1051 1156 1150 1211 altero

133 1225 247 1347 mum}
262 1231 404 1294 optumae
423 1224 620 1292 litteraturae,
649 1226 703 1278 ubi
723 1224 845 1280 Marcia
868 1227 1032 1280 substituta
1058 1227 1088 1280 in
1107 1227 1151 1281 lo·

133 1310 201 1349 cum
249 1310 345 1365 gapes

205 1367 219 1419 1
235 1367 354 1420 initium
368 1367 532 1436 abruptum
541 1366 777 1436 Leocomparct
791 1381 859 1421 cum
877 1368 928 1423 illo
941 1370 987 1421 καὶ
1005 1370 1071 1423 τόδε
1086 1370 1151 1424 Φω·

132 1436 259 1504 antiocus,
280 1453 351 1490 nam
371 1439 490 1492 tertiam
504 1439 639 1493 eiusdem
655 1440 843 1494 monumenti
861 1439 996 1493 tabulam
1011 1441 1149 1495 extitisse

131 1524 193 1562 non
211 1509 278 1561 ueri
299 1509 394 1563 simile
414 1515 467 1563 est.
497 1511 595 1579 potuit
614 1526 682 1563 cum
701 1512 810 1564 cuncta
828 1512 944 1564 crearet
1066 1512 1150 1567 3661

132 1584 284 1648 expectes.
318 1578 531 1649 cansamque
549 1583 651 1635 secuta
673 1582 753 1636 idern
771 1581 897 1637 Rossius
916 1584 1075 1653 proposuit

129 1649 185 1704 41.
205 1665 327 1705 emensa

604 1742 665 1806 731

744 1865 874 1931 colonus

750 1970 865 2056 p]rima

742 2077 862 2161 a]more

581 2232 589 2250 .
665 2183 746 2269 ilpse
768 2185 910 2251 lauacro.

105 2291 184 2359 shic
207 2290 288 2376 ti[bi]
311 2290 384 2357 finis
407 2290 500 2376 er[at]
523 2290 621 2374 uitae,
645 2290 828 2357 dulcissime
851 2297 937 2356 nate.

128 2403 178 2465 set
200 2404 294 2483 pater
318 2400 528 2483 omnipotens,
554 2418 620 2481 oro,
644 2399 794 2464 miserere
818 2397 974 2482 lab[orum

128 2510 299 2587 tantorum,
322 2504 500 2591 misere(re)
525 2505 650 2570 animae
674 2525 737 2569 non
761 2503 885 2588 dig[na]
910 2503 1051 2571 ferentis.

199 2680 286 2735 Rossi
305 2681 395 2735 inser.
415 2681 514 2735 christ.
534 2680 618 2735 Rom.
637 2681 667 2734 ll
686 2697 714 2750 p.
728 2680 772 2734 IX
793 2680 844 2750 qui
864 2682 996 2736 correxit
1020 2686 1049 2736 61
1072 2696 1144 2752 sup-

127 2751 223 2822 pleuit
323 2753 355 2804 in
374 2752 490 2806 horreis
509 2751 600 2806 uillae
621 2751 809 2821 Borghesiac
828 2751 868 2805 ad
886 2758 1005 2821 portam
1024 2753 1143 2807 Pincia·

127 2839 207 2877 nam.
246 2837 355 2876 uersus
384 2822 429 2876 1·4
451 2823 585 2889 sinistra,
612 2825 705 2877 ceteri
729 2824 838 2877 dextra
857 2827 944 2892 parte
967 2825 1077 2892 lapidis
1099 2830 1143 2878 in·

127 2895 231 2964 scripti
251 2898 329 2960 sunt,
350 2899 418 2962 post
428 2891 558 2963 ferentis
577 2893 741 2948 christiana
760 2895 849 2963 signa
863 2894 964 2947 ΙΧΘΥ(
983 2901 1013 2948 61
1032 2895 1143 2964 palma.

128 2967 296 3035 scripturae
315 2980 414 3034 genus
433 2965 494 3018 tale
515 2964 625 3018 dicitur
644 2965 734 3033 quale
753 2972 822 3034 post
841 2965 963 3019 tertium
984 2965 1142 3020 saeculum

127 3037 182 3091 uix
201 3050 345 3104 umquam
367 3039 507 3089 occurrat

198 3106 216 3160 4
234 3104 404 3176 sanguineo
424 3104 502 3160 lauit
521 3106 596 3160 deos
614 3104 681 3174 ipre
699 3107 718 3160 1.
738 3108 897 3177 proposuit
915 3106 1040 3161 Rossius

127 3176 251 3245 5616111,
271 3178 288 3230 6
307 3176 499 3247 omnipqtcns
518 3178 595 3246 lapis
700 3177 717 3231 6
736 3193 789 3231 oro
810 3182 839 3231 et
859 3182 961 3232 cetera
981 3179 1081 3232 omnia
1101 3193 1141 3232 ex

125 3248 217 3319 Verg.
230 3248 305 3303 Aen.
319 3249 348 3301 ll
368 3249 419 3302 143
429 3264 453 3302 s.
471 3254 600 3317 sumpta,
619 3254 654 3302 ut
673 3250 790 3302 monuit
802 3248 936 3303 Rossius.
964 3246 1063 3303 animi
1069 3248 1143 3304 Ver·

125 3320 217 3390 gilius

603 3410 667 3475 132

124 3534 190 3600 Hic
211 3536 298 3601 iacet
320 3534 433 3600 infelix
455 3534 585 3619 proprio
609 3533 776 3600 cicercula
798 3553 913 3600 nomen
