2646 3884
614 160 741 202 sumtum

165 309 419 392 monumentu]m
442 315 477 372 ut
500 308 623 373 faceret
642 305 647 394 1
669 357 676 372 .
695 359 702 373 .
721 359 728 373 .
747 359 754 373 .
772 308 812 374 de
836 330 871 375 se
895 314 1053 378 cemuelat
1073 311 1077 400 Ι

166 416 257 499 natu]
282 415 465 498 quadrimus
486 413 490 499 Ι
511 415 602 499 [erat
626 416 798 500 Amoeuuls
820 419 958 484 nomine.

240 592 312 647 CIL.
331 593 375 646 IX
392 592 463 646 3955
481 595 663 660 recognouit
682 592 848 647 Mommsen
991 595 1089 652 Albae
1107 597 1185 652 Mar-

164 680 271 718 sorum
289 666 447 718 inuentum
466 666 681 733 fragmentum.
709 664 766 717 lusi
780 665 838 717 ista
856 671 891 720 ut
904 670 934 719 et
947 667 1041 722 fuisse
1060 685 1183 724 carmen

167 735 359 789 ostenderem
383 740 413 789 et
432 735 522 804 quale
542 750 608 788 esse
627 736 767 805 potuerit,
791 752 862 789 nam
882 739 1021 806 poeticae
1041 740 1184 808 eloquen-

164 808 229 860 tiae
249 806 381 860 studium
402 822 440 860 ex
460 803 645 875 quadrimus
665 806 763 860 elucet

239 878 254 929 1
270 892 344 931 ...sse
358 879 551 941 coniunctim,
565 893 628 931 non
639 879 841 947 interpunctis
854 880 958 933 uerbis
1067 881 1182 949 2‘pun-

164 953 249 1002 ctum
268 954 336 1017 post
353 964 385 1002 se
405 949 532 1002 dubium
551 952 597 1002 est
615 952 775 1018 potestque
794 950 855 1019 legi
875 956 905 1003 et
917 967 948 1004 ce
962 956 992 1004 et
1005 951 1043 1020 ef,
1063 953 1182 1020 reliqua

164 1020 258 1074 certa'
282 1018 415 1073 Momms.
434 1035 497 1073 nou
517 1021 675 1083 extritam,
701 1022 754 1073 uix
780 1027 884 1088 aptum
905 1037 987 1091 pupo
1007 1024 1090 1091 quod
1109 1023 1181 1077 berte

165 1091 204 1144 (le
217 1105 248 1144 se
266 1093 426 1157 meruerat,
441 1091 596 1144 edideram
615 1088 729 1159 quippe
742 1093 769 1145 et
782 1089 847 1158 ipse
866 1095 1030 1162 pemuerat,
1049 1094 1181 1163 denique

162 1162 288 1216 existis
312 1163 385 1230 ipsis
408 1163 514 1215 litteris
537 1163 618 1215 hunc
638 1162 845 1216 extundebam
864 1179 986 1217 sensum
1006 1162 1070 1218 iam
1088 1180 1120 1218 se
1138 1167 1182 1219 ad

164 1231 347 1287 discendum
369 1231 520 1287 studiosae
543 1231 660 1302 optulit,
686 1231 831 1302 artificem
849 1236 884 1287 ut
900 1235 1016 1302 faceret
1035 1234 1182 1290 domiuus

162 1305 203 1358 de
222 1319 253 1357 se
272 1319 361 1372 quem
379 1301 454 1357 uelit

651 1412 694 1476 80

161 1537 323 1602 Aceruam
346 1536 432 1601 Ditis
453 1538 560 1620 rapuit
583 1536 736 1601 infantem
760 1536 873 1602 domus

160 1643 304 1709 nondum
327 1644 483 1728 repletam
505 1644 572 1708 uite
596 1642 683 1708 dulci
706 1644 833 1725 lumine,

161 1750 307 1836 pulcram
330 1750 490 1832 decoram,
516 1751 606 1832 quasi
630 1750 780 1814 delicium
805 1751 909 1815 celitu.

162 1856 219 1922 flet
241 1864 335 1941 pater
359 1864 391 1921 et
414 1865 508 1940 rogat
531 1857 616 1921 tituli
639 1856 745 1938 fidem,

135 1969 199 2029 sut
222 1963 323 2029 omnis
347 1970 436 2029 aetas
461 1970 549 2049 optet
572 1963 623 2028 aei
647 1970 765 2028 terram
787 1964 902 2029 leuem.

236 2139 307 2194 CIL.
327 2141 397 2194 XIV
417 2140 493 2207 1731,
514 2140 667 2195 Cardinali
688 2140 810 2208 diplomi
829 2141 977 2209 imperiali
996 2158 1025 2210 p.
1039 2142 1092 2196 257

162 2212 262 2267 Ostiis.
300 2213 457 2281 praecedit
482 2213 573 2266 11111.
598 2213 728 2266 Vareues
749 2210 904 2265 Blasteuis
929 2211 1070 2282 couirtpis
1095 2214 1180 2269 teue-

160 2281 290 2338 mereuti
310 2284 337 2336 et
355 2280 415 2337 sibi
432 2282 505 2350 fecit
525 2281 636 2336 Autius
656 2282 819 2337 Successus
838 2280 959 2351 itemque
977 2281 1086 2337 Aretiae
1106 2284 1178 2339 Suc·

160 2369 243 2409 cesse
260 2353 342 2423 filiae
362 2353 565 2419 dulcissimae,
586 2369 664 2422 quae
683 2369 777 2421 super
788 2356 916 2407 matrem
929 2369 1019 2408 suam
1032 2352 1115 2408 uiuit
1127 2372 1177 2409 au.

160 2424 292 2493 m(iuus)
313 2423 354 2479 di.
375 2426 502 2492 XXXX,
530 2441 607 2494 quae
629 2423 693 2493 fuit
716 2427 748 2477 ut
767 2422 847 2478 diem
865 2423 973 2478 mortis
992 2440 1178 2481 1111111111-

161 2512 234 2551 rum
252 2497 326 2551 VIII
340 2513 395 2550 me.
411 2498 485 2550 VIII
501 2495 542 2550 cli.
556 2497 618 2551 XV
631 2512 680 2565 eq.
697 2495 775 2559 (dele
794 2501 829 2548 ut
843 2501 942 2548 ortum
962 2511 1001 2549 ex
1014 2501 1177 2561 aceruum).

161 2568 360 2635 subsequitur
378 2569 432 2621 boc
450 2566 669 2622 monimentum
689 2568 761 2635 quot
780 2569 824 2619 est
842 2564 875 2619 iu
892 2569 983 2634 parte
1002 2568 1114 2621 dextra
1132 2566 1177 2621 iu-

160 2638 317 2692 trauttbus
336 2637 464 2693 adiectis
477 2635 662 2693 columbaris
674 2653 703 2689 u.
718 2638 783 2690 XII
793 2636 842 2691 lib.
857 2636 973 2692 liberta.
985 2636 1175 2709 poste(risq.)

160 2726 270 2764 aerum
284 2710 363 2779 (lege
376 2714 519 2774 aeorum).
549 2725 672 2763 carmen
687 2711 759 2762 satis
773 2719 936 2762 uenustum
952 2725 990 2763 ex
1005 2711 1177 2778 antiquiore

162 2783 347 2850 descriptum
377 2783 526 2851 exemplo,
553 2786 588 2834 ut
613 2795 721 2833 uersus
746 2780 765 2833 4
787 2782 943 2834 mutilatus
969 2780 1177 2849 mendosaque

160 2855 314 2921 scriptura
333 2854 443 2921 probat

235 2923 249 2975 1
279 2924 421 2977 acerbam
446 2925 598 2992 uirginem
618 2922 714 2976 Varro
737 2920 899 2991 Agathone
928 2921 1012 2990 dixit,
1041 2923 1176 2977 crebrius

161 3009 243 3063 quae
266 2995 443 3048 immaturos
466 2996 569 3048 mersit
588 3009 669 3047 mors
688 2996 755 3063 ipsa
779 2994 830 3047 uel
853 2995 947 3046 funus
967 2994 1010 3046 sic
1029 2999 1074 3046 est
1093 2997 1177 3047 uoci-

160 3070 259 3119 tatum
383 3066 487 3119 21111
510 3065 609 3119 editur
731 3065 786 3118 31.
806 3064 946 3118 caelitum
1069 3063 1178 3133 4fleut

156 3139 252 3206 pater
278 3139 306 3191 et
332 3138 429 3190 utater
456 3139 483 3190 et
513 3138 625 3205 royaut
649 3136 709 3190 tale
737 3138 769 3189 in
798 3135 936 3203 exemplo
963 3136 1056 3188 fuisse
1084 3136 1176 3189 credo

162 3208 246 3276 quod
275 3224 344 3261 cum
368 3206 478 3261 Antius
502 3213 623 3261 mortua
654 3208 774 3276 puellae
802 3212 898 3260 matre
921 3220 985 3258 non
1011 3208 1177 3261 conuenire

161 3279 220 3333 sibi
233 3279 359 3345 uideret,
380 3280 543 3348 amputatis
560 3279 664 3332 uerbis
683 3284 823 3331 truncum
842 3277 1026 3331 uersiculum
1046 3278 1176 3345 reliquit.

162 3350 232 3404 olim
262 3350 345 3418 quod
368 3355 549 3418 temptarem
576 3365 642 3402 eam
663 3350 714 3418 ttet
734 3351 826 3418 pater
849 3349 996 3417 rogatque
1015 3363 1075 3415 per
1093 3346 1177 3402 tituli

159 3421 252 3490 fidem
271 3422 313 3489 (in
331 3421 519 3475 Fleckeiseni
538 3420 639 3473 annali
660 3420 729 3474 1858
749 3437 777 3489 p.
792 3420 845 3484 76),
869 3435 905 3472 eo
926 3433 1019 3472 causa
1039 3419 1178 3472 desectus

162 3492 417 3614 nonlexplicatur.
439 3492 517 3546 tituli
534 3497 621 3561 pater
633 3492 723 3544 fidem
737 3496 891 3559 tamquam
905 3490 1032 3543 deorum
1042 3489 1178 3543 Manium

161 3564 223 3632 imp
237 3569 303 3616 orat
