2650 3882
159 171 212 226 198
595 184 735 225 onerum

160 331 310 386 saeculari
330 347 433 402 gymn.
446 330 600 400 Leucoph.
613 330 743 386 Berolin.
763 346 789 384 a.
809 331 880 384 1874
898 347 926 399 p.
939 330 1003 393 365)
1104 327 1172 384 Sas-

160 403 226 456 sina
244 402 391 457 Vrbinum
411 402 575 456 translatus
594 402 679 471 lapis.
708 403 928 471 praescriptum
947 402 976 454 d.
997 401 1038 453 M.
1058 401 1093 452 L.
1118 401 1170 454 Va·

157 470 218 543 frti
230 474 266 526 L.
282 470 480 541 fiOlemeatt‘s
499 472 658 538 cademot)
678 474 782 527 colaX
795 470 992 541 pr(oetoriac)
1005 469 1092 525 Aelio
1101 469 1172 525 Poi-

160 544 214 598 lete
233 543 357 614 coaiupi
370 541 676 612 desiderantissimo)
777 549 936 598 centonem
949 544 1052 611 arguit
1063 543 1171 596 inscite

161 619 276 669 sartum
294 615 345 669 uel
359 630 503 685 propapo
522 631 582 684 quo
602 617 724 670 nomine
742 615 868 668 maritus
880 615 936 668 u.1
955 619 1086 668 uocatur
1104 627 1172 682 pro·

159 687 281 756 paginis
300 691 416 750 auctor,
434 686 484 740 uel
504 688 636 756 separati
655 700 763 740 uersus
782 686 799 740 3
819 701 837 739 a
856 685 874 740 5
893 690 923 739 et
941 685 959 738 4
977 685 1016 738 ab
1034 685 1052 738 6

231 757 249 810 2
266 755 333 811 εἰπε
352 755 429 811 locis
444 756 531 811 hiato
545 757 665 811 dubites
678 757 778 812 hercle
797 757 989 826 prioribusne
1004 756 1172 825 adiungen-

161 828 233 881 dum
252 829 290 882 sit
308 830 351 882 ita
369 833 403 881 ut
421 828 504 882 nullo
524 829 600 882 lucis
620 829 704 881 hiatu
722 833 934 897 perpetuatam
948 833 1068 881 noctem
1087 826 1171 879 intel·

159 900 245 969 legas
270 915 310 951 an
333 899 552 968 posterioribus
576 904 611 952 ut
635 899 718 952 nullo
746 900 917 953 intermisso
947 899 1007 952 diei
1035 903 1197 966 tempore,

159 970 232 1024 flere
261 971 374 1024 coniux
401 974 553 1024 mortuum
577 969 703 1024 dicatur.
739 975 770 1024 at
788 972 875 1038 puto,
900 971 958 1024 nisi
982 969 1056 1039 quid
1079 982 1173 1037 super

160 1040 297 1105 additum
317 1050 382 1096 erat
401 1041 441 1094 ad
460 1041 561 1111 defleo,
580 1042 622 1095 ibi
643 1041 701 1095 loci
719 1042 855 1110 ineptum

634 1183 700 1248 425

159 1289 221 1354 Hic
244 1289 329 1354 iacet
351 1288 522 1374 Helpidius
544 1289 619 1355 fatis
643 1289 804 1355 extinctus
827 1289 944 1372 iniquis

160 1396 309 1478 egregius
332 1394 466 1478 iuuenis,
491 1415 658 1461 causarum
682 1401 792 1460 orator
815 1395 975 1461 honestus.

232 1533 305 1589 CIL.
317 1534 358 1587 VI
371 1534 440 1588 9241
461 1550 499 1590 ex
519 1534 646 1602 schedis,
666 1533 778 1590 Gruter
797 1534 857 1600 652,
877 1535 902 1588 3.
933 1533 995 1588 AL.
1005 1534 1172 1588 Burmanni

159 1604 371 1730 lxlleiXMeyeri
387 1606 456 1660 1148
555 1606 670 1660 Romae
772 1607 908 1674 sequitur
926 1604 981 1676 qui
999 1603 1082 1659 uixit
1099 1620 1173 1658 aaa.

234 1748 248 1799 1
261 1744 426 1801 Heluidius
437 1747 582 1816 Metellus,
592 1745 757 1816 Helpidt'es
770 1752 862 1802 testes
876 1748 926 1801 alii
941 1763 977 1801 ac
990 1748 1070 1801 boni.
1091 1751 1173 1801 certe

160 1818 200 1871 ad
219 1817 392 1871 Heluidium
411 1818 548 1872 Priscum
572 1834 591 1872 a
610 1819 784 1873 Domitiano
809 1820 941 1873 occisum
965 1833 1086 1872 carmen
1109 1833 1172 1871 non

161 1889 293 1943 debebat
311 1890 419 1945 referri
572 1890 589 1943 2
609 1891 645 1943 cf.
662 1889 734 1945 CIL.
746 1889 773 1943 V
785 1889 884 1944 63431)
905 1905 981 1958 quas
999 1888 1172 1942 Mediolanii

159 1958 347 2028 Bourquelot
365 1960 485 2018 uiderat
500 1962 727 2031 epigrammatis
743 1961 859 2015 metrici
877 1961 1021 2030 reliquias
1040 1961 1083 2014 sic
1100 1958 1173 2013 inei·

160 2032 278 2100 pientes
296 2028 345 2084 hic
363 2028 499 2100 iomanis
518 2032 673 2086 claros...

635 2174 700 2238 426

159 2279 219 2344 Ille
242 2298 303 2362 ego
328 2278 381 2362 qui
405 2279 566 2362 quondam
588 2279 740 2364 prae[tor]
765 2278 940 2365 paucisque
965 2278 1077 2344 diebus

160 2391 381 2470 praetextatus
404 2386 475 2470 agri
497 2385 597 2451 iudex
619 2385 755 2469 finisque
779 2384 913 2470 regendi

159 2492 318 2557 Iustitiam
342 2491 425 2557 colui
448 2491 671 2577 matremq[ue]
696 2493 874 2575 aequaliter
897 2492 1019 2572 ambas,

159 2597 305 2663 hiesum
329 2618 423 2680 quem
446 2598 550 2664 cernis
571 2618 657 2664 nune
680 2598 809 2665 Cassius
832 2599 1038 2684 Agrippinas.

232 2736 304 2792 CIL.
314 2736 355 2792 VI
366 2736 436 2792 1372
449 2738 684 2793 descr.Henzen.
703 2736 765 2791 AL.
775 2738 941 2792 Burmanni
951 2738 992 2793 IV
1001 2739 1044 2806 32,
1058 2738 1172 2807 Meyeri

161 2808 231 2862 1183
338 2809 452 2863 Romae
472 2811 502 2863 in
522 2825 626 2863 museo
645 2810 793 2864 Vaticano

232 2879 247 2931 1
267 2880 448 2949 principium
473 2881 554 2934 idem
578 2896 645 2934 cum
670 2882 825 2950 prooemio
845 2878 990 2935 Aeneidis
1011 2880 1081 2935 ficto
1101 2885 1172 2935 ante

159 2949 265 3005 Nisum
361 2951 489 3019 praetor
497 2950 690 3005 Burmannus
704 2951 857 3020 suppleuit
871 2950 939 3004 add.
951 2956 1021 3005 tom.
1032 2951 1099 3021 Hp.
1110 2952 1171 3005 681.

158 3021 264 3074 finium
277 3021 487 3090 regundorum
504 3023 639 3076 actiones
652 3023 830 3076 iudicabant
846 3023 960 3085 arbitri,
968 3021 1171 3078 Mommsenus

160 3091 279 3146 dubitat
298 3107 337 3144 an
357 3093 457 3162 colligi
476 3094 640 3148 eoarmine
659 3095 753 3162 possit
773 3108 840 3147 eam
852 3094 927 3146 iuris
941 3093 1103 3148 dictionem
1119 3094 1172 3146 im-

159 3164 313 3231 peratoria
332 3168 433 3217 aetate
452 3178 471 3216 a
489 3169 631 3233 praetore
646 3165 747 3233 aliquo
766 3179 903 3218 seorsum
916 3178 983 3218 esse
997 3166 1171 3231 exercitam,

160 3233 328 3302 PKrueger
346 3234 522 3288 mandatam
541 3235 581 3288 ad
600 3241 719 3304 tempus
738 3236 777 3289 ab
797 3240 906 3289 senatu
925 3250 1030 3288 curam
1048 3241 1137 3304 putat

230 3303 247 3357 3
262 3305 429 3374 pariesque
449 3307 632 3360 coniectauit
650 3305 816 3360 Doruillius

634 3449 698 3513 427

159 3560 219 3625 Ille
243 3580 304 3643 ego
327 3561 501 3627 Pannoniis
524 3563 684 3646 quondam
708 3565 890 3630 notissimus
914 3564 987 3644 oris,
