2648 3886
564 187 752 228 nnxnnnrnr
1112 172 1169 227 253

152 338 248 391 sancti
268 337 402 406 parentis
421 340 576 403 tamquam
596 349 635 388 ex
654 334 794 388 Herculis
817 333 922 402 (supra
941 332 1003 397 248)
1023 333 1168 389 laudibus

151 408 298 474 deriuata‚
317 422 379 461 non
398 408 555 476 proprium
570 406 690 474 nepotis
701 420 812 459 nomen
914 405 948 458 10
963 403 1027 458 iam
1041 406 1167 474 corrigit

151 477 248 534 Schm.
268 492 404 547 agnosco
423 477 583 546 uolgarem
596 491 766 531 sermonem
781 479 999 545 congruentem
1021 491 1089 529 cum
1107 476 1167 544 pri·

151 552 208 605 scie
235 549 417 619 quibusdam
440 549 569 617 loquelis
594 550 679 611 (num
704 546 760 601 tibi
784 563 858 601 acm
880 545 1007 600 lanceat
1033 547 1173 601 mordax·

150 620 238 675 mea?
261 619 307 675 uti
327 623 420 686 nam),
450 620 677 673 aduersatiuam
696 619 758 672 uim
779 619 855 672 hacc
874 632 997 686 quoque
1016 618 1168 687 particula

151 707 191 746 ex
210 692 394 745 affirmatiua
415 692 494 760 cepit

150 869 283 955 Sergius
305 875 340 934 ut
363 872 465 955 pubes
488 868 646 935 excedere
666 867 671 955 Ι
692 875 845 953 coeperat
869 888 969 934 annos

150 977 311 1067 Sulpicius
334 985 366 1042 et
389 973 540 1063 laetania
563 981 656 1060 patre
679 975 805 1040 meliori
829 982 917 1041 seete
939 976 1087 1059 parebat,

150 1104 261 1150 amans
277 1085 392 1149 Festus
412 1081 417 1169 Ι
437 1103 565 1166 nomen,
582 1084 664 1148 bone
680 1081 808 1166 indolis,
829 1102 948 1167 magna
963 1082 1065 1167 patris
1081 1100 1167 1165 spes,

150 1190 315 1276 praeditus
335 1188 340 1276 Ι
361 1190 533 1274 opsequiis,
557 1188 692 1273 pulchra
714 1190 878 1274 probitate
901 1195 1051 1273 parentes

125 1297 285 1381 odiligere
309 1294 479 1382 omnib(us)
501 1293 505 1381 Ι
526 1301 558 1360 et
581 1295 676 1361 iussis
699 1297 780 1360 miro
802 1315 874 1360 cum
897 1294 1018 1359 honore
1041 1314 1167 1378 parere,

149 1403 235 1489 patri
256 1403 284 1468 si
308 1403 449 1467 licuisset
472 1400 578 1467 adhuc
599 1401 603 1487 Ι
623 1401 685 1467 frui
709 1402 837 1485 longius
857 1400 920 1466 hac
935 1400 1068 1486 pietate,
1092 1400 1167 1466 heu.

150 1517 199 1576 set
223 1508 354 1575 crudum
377 1507 577 1594 indignumq.
599 1507 603 1595 Ι
623 1508 715 1574 nefas
739 1514 772 1574 ct
795 1509 887 1574 triste
911 1528 969 1593 per
992 1508 1104 1591 omnis,

151 1616 237 1700 quod
259 1614 400 1681 nondum
422 1615 560 1680 frunitus
580 1612 584 1702 Ι
605 1615 685 1680 XVI
708 1635 809 1680 annos

151 1721 277 1807 deperit
307 1729 339 1788 et
367 1721 475 1807 perdit
498 1721 655 1805 orbatque
684 1728 808 1806 patrem
835 1719 840 1807 Ι
866 1721 981 1786 baculo
1011 1721 1168 1787 destituta,

980 1833 1119 1894 senecta.

114 1936 235 2003 iohunc
256 1937 345 2001 fleuit
368 1936 504 2020 populus
527 1936 608 2019 plue,
630 1931 635 2022 Ι
655 1934 740 2000 hunc
762 1936 869 1999 miseri
897 1937 1081 2017 Ingemuere
1109 1956 1165 2019 pa·

149 2132 288 2218 perculsi
312 2128 417 2218 lonigo
441 2132 530 2197 luctu
555 2131 749 2214 tristitiaque
772 2130 917 2215 Perenni,
1014 2046 1121 2106 rentes

150 2260 221 2305 cum
244 2246 337 2325 patre
360 2240 476 2304 misero
492 2227 502 2325 Ι
523 2238 694 2304 reddentes
717 2238 901 2303 testimonia
922 2236 1024 2322 probe
1046 2237 1144 2319 uitae,

149 2347 203 2430 qui
226 2366 318 2412 sacro
342 2346 463 2411 tumulo
486 2346 606 2411 locauit
628 2342 632 2431 Ι
652 2346 795 2427 membra
819 2343 929 2409 dilecti

148 2454 292 2539 pignoris
314 2454 506 2517 lamentator
528 2452 646 2517 aetatis
668 2450 800 2516 adultae

113 2584 140 2624 15
256 2555 379 2645 inlielix
541 2560 713 2644 Sulpicius.

222 2682 332 2736 Renier
358 2684 447 2736 inser.
466 2680 534 2752 Alg.
553 2682 632 2749 3989,
661 2681 734 2737 CIL.
752 2681 824 2737 VIII
845 2681 916 2736 9519
944 2682 1071 2736 contulit
1094 2680 1165 2736 Wil-

150 2769 258 2879 Rilanns
314 2825 319 2836 Ι
387 2752 557 2808 Caesareae
577 2753 705 2808 Mauret.
724 2758 887 2823 repertum,
906 2754 1039 2807 nuncin
1059 2768 1165 2809 museo

188 2840 321 2895 gerrensr

221 2896 239 2950 3
258 2897 368 2950 Festus
381 2900 539 2965 acceptum
559 2911 577 2948 a
597 2895 676 2949 duce
695 2899 796 2950 sectae
814 2895 946 2950 melioris
966 2894 1166 2949 uelutPostu-

149 2969 209 3022 mio
220 2967 309 3022 Festo
326 2982 366 3021 ex
375 2966 517 3022 Numidia
532 2970 653 3021 oratore
667 2967 754 3021 cuius
766 2971 932 3020 sectatores
945 2967 1032 3020 iuere
1045 2982 1064 3018 a
1073 2965 1164 3020 Fron·

149 3039 229 3094 tonis
243 3038 283 3091 ad
293 3037 474 3092 Diocletiani
488 3036 639 3092 aetatem?
663 3052 703 3090 an
718 3037 857 3091 ethnicae
871 3037 1028 3106 religionis
1042 3038 1164 3105 signum

151 3111 288 3165 odiosum
300 3107 496 3164 Christianis?
598 3108 615 3161 Ἰ
633 3106 821 3177 nefas-triste
833 3106 868 3161 V.
880 3106 1064 3173 Aen.11184,
1083 3106 1164 3160 idem

150 3182 333 3249 aliquotiens
351 3182 383 3233 in
403 3181 487 3234 exitu
501 3193 561 3247 per
580 3177 680 3233 omnia
766 3178 783 3232 8
800 3175 942 3246 frunitus
955 3180 1085 3233 fortasse
1098 3192 1165 3247 pas·

150 3253 249 3307 siuum
269 3252 389 3306 conlato
408 3251 425 3305 6
443 3255 472 3305 et
492 3252 564 3319 quia
584 3249 738 3321 demptum
757 3253 804 3303 est
822 3250 927 3303 uersui
945 3247 1013 3303 ulto
1081 3248 1098 3303 9
1117 3248 1165 3304 dc·

150 3320 258 3378 stitcta
276 3338 337 3377 sea.
358 3323 485 3376 ablatiui
565 3320 599 3375 14
618 3321 800 3374 lamentator
812 3320 955 3387 θρηνητής
968 3320 1115 3390 glossaria
1135 3318 1165 3373 II

150 3411 178 3464 p.
193 3393 245 3447 120
258 3397 288 3448 et
301 3393 355 3448 329
368 3391 472 3447 Goetn.
626 3463 647 3529 5

148 3573 216 3639 Iste
239 3572 316 3638 mihi
341 3571 458 3657 coilux]
483 3571 537 3657 i[n]
559 3570 563 3660 Ι
583 3571 690 3639 tristia
713 3571 851 3637 Tartara
871 3568 876 3659 Ι
898 3569 990 3657 [abi]t
1012 3568 1121 3654 nulnc]
