2644 3884
575 143 764 182 Raraunum
1123 129 1176 184 129

158 291 305 362 Nymphis
334 304 414 361 quae
436 291 560 344 numine
588 291 746 358 fontigeno
772 289 880 343 uiridis
902 290 989 358 ripae
1016 290 1131 358 inclyta
1156 290 1174 343 i.

160 364 377 433 praestantiam
398 366 428 416 et
446 361 638 431 splendorem
656 366 808 415 renouant
830 361 849 414 i.
869 362 987 415 faciunt
1010 367 1045 414 ut
1069 375 1175 415 rursus

159 435 216 489 sub
231 435 284 488 diu
299 437 328 487 et
342 435 420 486 inter
433 432 547 486 uirides
566 434 649 501 ripas
664 432 747 496 fluat,
768 446 836 485 cum
849 433 915 502 ipse
927 446 1032 501 sospes
1046 437 1075 486 et
1088 433 1176 501 quasi

160 507 199 559 ab
219 506 324 559 interis
343 504 490 558 reductus
509 504 633 557 comites
652 504 671 555 i.
691 504 748 557 iter
767 504 799 556 in
816 504 884 573 ripa
901 507 1118 572 persequentes
1131 518 1176 558 so·

161 578 254 646 spites
273 579 410 645 praestat
430 579 460 629 et
479 575 596 643 liquore
615 589 671 628 suo
691 578 809 628 recreat

637 735 701 800 267

159 861 275 927 Limen
298 860 436 944 adhoc,
460 861 582 945 populi,
607 860 781 945 persoluite
804 864 881 924 uota
904 857 1053 924 Tonanti.

232 1001 304 1057 CIL.
323 1001 367 1055 IX
386 1001 464 1068 1548,
484 1000 561 1055 IRN.
581 999 659 1055 1375.
696 999 758 1053 AL.
779 998 894 1068 Meyeri
914 999 966 1053 579
1083 997 1177 1054 Beue·

160 1075 245 1128 uenti
264 1074 361 1128 fertur
382 1073 518 1127 extitisse
537 1072 593 1126 sub
610 1073 767 1126 bueranio.
793 1068 906 1139 populi
918 1070 1044 1139 pluralis
1057 1086 1119 1124 non
1132 1085 1177 1124 re·

162 1145 243 1199 dolet
260 1145 417 1213 antiquam
435 1144 636 1212 gentilitatem
655 1143 768 1210 aliique
787 1157 896 1197 uersus
921 1142 1023 1210 plures
1046 1141 1177 1195 tradide-

160 1221 233 1270 runt
249 1216 291 1268 illi
307 1216 467 1268 adiunctos
486 1215 540 1268 sed
557 1229 625 1267 mea
635 1212 788 1267 Parnassi
802 1210 929 1294 percipe
948 1214 1021 1266 uota
1040 1213 1122 1279 dena,
1143 1215 1177 1265 tu

162 1287 290 1357 defende
309 1288 401 1354 caput
417 1283 562 1339 durantia
581 1283 711 1354 teqnn'ne
730 1284 832 1337 laura:
852 1281 896 1337 sie
915 1299 968 1353 eqo
988 1299 1042 1337 nec
1060 1284 1177 1337 tonitru

160 1373 215 1412 nee
230 1359 423 1426 metuantque
442 1358 544 1410 Iouem
563 1371 694 1424 quorum
714 1354 798 1409 nulla
818 1360 863 1409 est
881 1354 958 1409 fides
977 1355 1152 1423 antiquitati

637 1517 702 1582 268

265 1690 272 1706 .
365 1690 372 1706 .
419 1641 586 1726 t]angebat
609 1661 687 1706 cura
709 1639 861 1723 uchlendi

235 1781 306 1837 CIL.
326 1781 354 1836 X
373 1783 442 1837 1863
558 1782 701 1849 PuteoliS,
720 1797 804 1835 nunc
821 1782 956 1850 Neapoli.
986 1782 1017 1834 in
1037 1781 1176 1849 epistylio

162 1869 275 1923 magno
448 1855 577 1908 fortasse
596 1853 684 1907 uouit
703 1853 812 1921 aliquis
831 1852 1000 1905 aediculam
1015 1867 1075 1920 per
1092 1867 1177 1905 mare

162 1941 231 1980 cum
249 1940 295 1979 me
314 1925 445 1994 anqebat
463 1940 539 1978 cura
556 1925 712 1978 uehentern
729 1923 895 1987 (Licentiae
910 1923 1050 1977 carminis
1064 1923 1103 1975 ad
1117 1920 1177 1976 Au·

162 1997 319 2066 guatinum
337 2011 368 2049 u.
388 1995 423 2048 22
442 1993 527 2050 curis
545 1993 746 2065 ‚qraua‘ore'bus
765 1999 887 2064 anper),
912 1999 944 2047 at
956 1998 1067 2117 potest
1086 1994 1177 2046 etiam

162 2067 305 2136 tanqebat
323 2067 418 2121 fuisse
438 2071 468 2121 et
486 2067 526 2120 ad
545 2066 650 2119 t'atalia
664 2071 805 2135 spectans
823 2066 927 2119 titulus
946 2067 955 2129 (
985 2080 1031 2119 en.
1045 2064 1102 2118 XII
1112 2064 1176 2131 933)

164 2139 262 2204 <nunc
282 2138 401 2191 demum
421 2139 493 2191 dum
511 2143 601 2207 typos
623 2137 770 2202 emacula,
796 2137 999 2191 animaduerti
1024 2137 1176 2205 fragmen·
1272 2186 1277 2197 ,

163 2214 226 2262 tum
250 2223 317 2263 esse
340 2211 481 2263 carminis
505 2209 558 2263 219
577 2210 731 2274 ucrensi,
760 2208 835 2260 illud
861 2209 968 2277 opinor
993 2206 1075 2275 quod
1100 2211 1176 2260 teste

162 2280 264 2349 Zoega
283 2280 412 2335 Velitras
430 2284 616 2349 peruenerat
634 2281 666 2333 in
685 2295 823 2333 museum
841 2277 1046 2348 Borgianum>

639 2565 704 2629 269

162 2689 330 2754 Terminus
353 2688 407 2754 hic
430 2694 538 2754 custos
560 2687 686 2772 manleo
709 2687 794 2773 pede
818 2686 952 2753 claudus
974 2679 1132 2770 utlrloque

161 2794 258 2879 hort]i
282 2793 413 2878 diulitis.
449 2793 495 2878 a]t
510 2795 621 2879 procul
637 2794 713 2859 hinc
729 2793 818 2878 regle
833 2793 998 2879 plaustra,
1018 2791 1176 2876 bubulclc.

162 2900 248 2984 quod
271 2902 298 2967 si
321 2901 416 2984 fortle
439 2900 523 2985 t]uus
546 2921 609 2965 non
633 2920 684 2965 me
708 2902 858 2965 uitauerit
882 2901 963 2978 axis,

162 3010 326 3074 excutiere
350 3008 427 3072 rotis
452 3005 507 3092 [alt
529 3013 651 3072 tractus
675 3014 709 3071 ut
732 3006 879 3091 Helcltor
902 3005 1046 3088 Homelri

137 3114 297 3181 sdebilior
319 3114 412 3180 nobis
435 3113 542 3198 ilnlter
565 3120 620 3178 tua
642 3114 787 3198 plaustra
809 3113 943 3178 iacebis.

234 3255 387 3310 Bormann
406 3255 495 3309 inser.
515 3254 564 3308 lat.
584 3270 655 3309 nou.
676 3254 734 3323 p.3
759 3256 846 3309 cuius
870 3253 1081 3323 supplementa
1101 3268 1179 3308 sum-

162 3343 242 3381 mam
268 3327 409 3381 carminis
440 3332 470 3380 et
496 3331 710 3395 argumentum
736 3326 811 3379 scite
839 3325 1059 3394 explicuerant.
1095 3325 1179 3378 dedit

163 3399 243 3452 enim
261 3414 291 3453 u.
304 3399 318 3451 1
335 3413 373 3451 en
386 3395 434 3452 tio
447 3394 591 3451 immotus
603 3412 719 3464 maneo,
739 3395 756 3448 2
774 3396 931 3450 hortorum
944 3396 1020 3450 deus
1035 3397 1074 3463 at,
1094 3396 1111 3449 3
1127 3394 1178 3449 ain

163 3470 234 3523 tuus
252 3467 404 3535 incaedua,
423 3467 441 3521 4
459 3466 526 3536 ipae
544 3484 616 3522 rues
630 3481 781 3536 praeceps
800 3469 834 3534 et,
854 3467 871 3521 5
890 3483 909 3520 a
927 3467 1020 3521 bobus
1035 3463 1178 3536 proprus

162 3537 250 3594 inter.
277 3541 374 3595 uerba
393 3545 496 3595 antem
508 3541 576 3609 ipsa
587 3539 659 3593 inde
672 3554 690 3591 a
704 3538 761 3591 u.2
780 3539 909 3607 plurima
928 3538 1178 3608 recuperauimus

217 3625 419 3670 aurneinan
994 3627 1011 3680 9
