2650 3882
557 151 746 191 anAMnTRI

620 316 685 381 399

142 441 256 506 Florus
280 460 340 525 ego
364 441 418 507 hic
441 440 533 506 iaceo
558 439 717 523 quendam
741 441 884 524 bigarius
907 442 1022 524 infans

142 550 199 632 qui
222 547 287 614 cito
311 546 387 612 dum
410 546 504 633 cupio
530 567 650 631 currus,
675 548 738 611 cito
762 545 871 612 decidi
894 547 937 613 ad
960 549 1097 614 umbras.

215 706 287 762 CIL.
297 706 338 761 VI
351 707 439 760 10078
458 722 497 760 ex
517 707 643 772 schedis,
663 705 775 761 Gruter
788 707 884 773 656,1.
918 705 980 760 AL.
990 706 1158 761 Burmanni

143 778 184 834 IV
202 778 263 846 326,
283 777 397 847 Meyeri
417 777 487 831 1416
587 777 701 832 Romae
720 779 753 832 in
771 777 881 833 Caelio.
909 783 1157 847 repraesentatus

144 855 210 905 erat
228 865 306 919 puer
324 851 356 903 in
376 850 456 919 bigis
475 849 607 918 palmam
626 852 803 918 praeferens
815 854 1032 918 praecurrente
1045 850 1155 917 equite.

141 922 348 990 subscriptum
366 918 536 974 Ianuarius
555 921 679 974 alumno
699 918 877 975 dulcissimo

216 992 230 1045 1
250 990 299 1046 hic
317 991 400 1046 iaceo
420 989 560 1060 bipatens
579 989 683 1060 uolgo,
707 992 885 1046 hexameter
903 996 1016 1046 curtus.
1046 997 1077 1046 at
1095 991 1163 1060 ple-⁴

143 1079 201 1118 nus
220 1064 314 1118 fuisse
332 1064 364 1116 in
383 1068 578 1116 monumento
598 1062 728 1130 uidetur,
756 1063 835 1116 inter
854 1061 902 1116 hic
922 1067 952 1117 et
969 1061 1052 1117 iaceo
1073 1068 1158 1130 quat·

142 1140 213 1190 tuor
232 1136 297 1188 fere
320 1134 489 1188 litterarum
510 1135 642 1201 spatium
659 1132 804 1203 Ligerius
829 1134 958 1202 reliquit,
987 1139 1055 1202 post
1073 1131 1157 1188 iaceo

142 1211 247 1261 notam
275 1205 409 1274 aliquam
436 1204 535 1258 codex
561 1202 678 1257 Moroni
702 1205 840 1258 exhibuit
862 1205 946 1258 unde
969 1203 1157 1259 Schraderus

143 1276 301 1346 qnondam
329 1276 409 1341 feeit,
437 1275 530 1344 idque
557 1276 657 1343 ipsum
685 1291 724 1329 ex
750 1275 903 1329 Ferrarini
926 1276 1031 1330 codice
1053 1276 1157 1338 elicuit

143 1347 307 1402 Henzenus
327 1354 380 1402 ant
398 1347 545 1416 prompsit
563 1347 673 1414 potius.
701 1348 820 1414 raptus,
840 1346 977 1412 necdum,
996 1348 1094 1400 rector
1114 1348 1157 1400 in·

143 1419 287 1472 serebant
306 1418 357 1471 alii
457 1417 619 1472 iambres
638 1422 691 1472 aut
710 1423 828 1472 tantum
846 1418 936 1473 umbr
954 1418 1085 1472 schedae

615 1580 681 1644 400

143 1694 266 1768 Musica
289 1723 362 1769 cum
385 1709 482 1768 cantu
505 1723 670 1769 resonares
694 1705 835 1768 carmina
858 1705 947 1786 mire,

143 1810 248 1876 Adtas
270 1830 370 1896 parue
393 1830 482 1895 puer,
506 1809 592 1876 dulci
617 1810 796 1876 celebratus
819 1830 937 1893 amore,

143 1923 245 1982 morte
269 1918 361 2000 graui
384 1922 495 2001 raptus
518 1922 623 1981 taetra
644 1915 829 2000 defungeris
853 1915 958 1997 (h)0ra

142 2024 318 2089 immeritus
341 2022 467 2088 decime
490 2042 698 2108 praegressus
720 2022 838 2088 nobilis
860 2044 954 2090 anne.

10 2160 11 2169 ¹
118 2137 192 2197 sset
216 2137 248 2195 te
271 2136 380 2195 noster
402 2150 492 2195 amer
514 2130 646 2195 memori
669 2130 790 2215 pietate
813 2130 975 2214 reformat,

143 2245 179 2302 at
202 2238 336 2321 quanuis
359 2244 392 2302 te
415 2242 500 2302 terra
523 2242 623 2320 tegat,
647 2236 848 2321 miserabilis,
872 2238 946 2320 ima,

143 2346 191 2411 sic
214 2344 306 2410 dolor
328 2345 361 2409 in
383 2364 483 2429 paruo
508 2343 624 2409 crescit
646 2343 805 2409 referente
828 2343 985 2429 sepulcro.

216 2503 329 2558 Gruter
342 2501 456 2570 658,10,
475 2503 613 2556 Henzeni
626 2502 765 2556 schedae.
793 2500 855 2555 AL.
866 2500 1032 2555 Burmanni
1046 2501 1085 2556 IV
1095 2502 1158 2568 327,

144 2576 259 2642 Meyeri
279 2574 348 2628 1417
448 2573 563 2627 Romae
586 2575 616 2626 in
636 2574 728 2627 uinea
747 2577 902 2642 repertum
1002 2573 1158 2640 praecedit

144 2648 174 2701 d.
188 2646 239 2713 M„
258 2646 428 2714 insequitur
449 2644 480 2706 Q.
495 2645 637 2698 Bucusus
658 2643 777 2698 Cresces
796 2645 824 2698 et
842 2641 966 2698 Mimiia
985 2642 1158 2699 Fortunata

144 2719 270 2772 alumno
295 2714 495 2770 benemerenti
518 2715 608 2784 fecer.
635 2714 698 2785 filio
724 2712 891 2769 Martialis.
930 2731 1043 2770 nomen
1071 2717 1158 2785 pueri

144 2803 239 2843 uersu
258 2787 275 2840 2
294 2788 439 2857 scriptum
457 2787 589 2841 barbare
608 2788 743 2840 imitatur
756 2788 827 2840 ἄττα
845 2787 899 2851 τὴν
915 2789 1159 2854 φιλοφρονητικὴν

144 2858 511 2927 προσφώνησιννεωτέρου
530 2859 601 2924 πρὸς
618 2859 810 2925 πρεσβύτερον
829 2859 846 2923 ἢ
865 2858 975 2926 τροφέα

217 2932 235 2984 3
253 2946 309 2985 ora
327 2930 405 2998 lapis
511 2928 748 2999 4praeqrcssus
768 2929 879 2983 altores
898 2944 938 2982 an
958 2929 1041 2997 quod
1059 2929 1173 2997 gloria·

146 3006 400 3072 praecucurrerat
412 2999 531 3054 annos?
632 3000 648 3053 6
665 3001 693 3053 et
708 3001 836 3067 coniecit
848 2999 997 3068 Meyerus.
1028 3000 1160 3054 fortasse

144 3090 182 3128 ac
302 3070 445 3142 quamuis
465 3071 563 3125 codex
581 3070 681 3140 Pighii
807 3068 892 3125 itio
911 3071 999 3125 dolor
1015 3069 1160 3125 Heinsius

146 3145 284 3199 coniecit.
315 3143 373 3196 fuit
388 3141 480 3197 Attae
498 3143 530 3196 in
549 3142 689 3212 sepulcro
709 3143 812 3211 imago

622 3304 685 3368 401

145 3430 306 3513 Egregius
329 3449 408 3514 puer
431 3435 528 3512 atque
551 3428 619 3493 Titi
643 3428 787 3512 lib]ertus
810 3428 963 3511 habebar,

145 3536 253 3605 omnia
275 3556 442 3603 successus
465 3536 657 3620 habu]erunt
679 3541 756 3601 uota
778 3537 916 3620 patroni.
