2644 3884
182 199 235 254 138
619 213 758 253 nacrrnr

255 358 326 413 CIL.
347 358 418 414 VlII
438 358 526 413 10946
620 376 716 429 prope
730 360 882 429 Tigauam
895 359 1105 414 Mauretaniae
1124 359 1200 415 Cae·

183 430 326 484 soriensis
345 431 377 483 in
395 430 518 485 thermis
538 446 630 499 opere
649 432 768 486 musiuo

255 501 269 554 1
289 517 399 556 nomen
419 517 530 569 rarum,
550 501 622 556 CIL.
642 501 780 556 V111074
799 501 991 556 Frumentius
1010 502 1068 556 mil.
1089 502 1153 556 eoh.
1167 502 1198 555 ll

183 572 387 641 Tungrorum.
424 574 481 627 iste
500 574 567 642 quis
586 575 687 636 fuerit,
708 588 797 641 quem
816 573 965 627 domuerit
984 574 1127 627 rebellem
1146 589 1196 627 ne·

182 644 301 697 seimus.
326 644 383 699 hoc.
396 645 526 698 uerbum
539 660 594 713 pro
614 645 806 698 substantiuo
820 648 912 713 poeta
925 645 1099 713 frequentat
1110 643 1198 699 Clau·

183 715 292 768 dianus

658 804 723 869 282

180 929 272 993 Haeo
294 934 359 993 lam
383 929 490 1013 prisea
512 926 577 994 suis
600 928 760 1012 longaque
784 927 908 1013 origine
930 929 1013 993 nolis

181 1040 310 1100 curator
332 1033 434 1100 titulis
457 1055 583 1119 semper
604 1036 768 1101 uiuescere
791 1035 894 1100 leetis.

253 1193 376 1262 Ephem.
396 1195 492 1263 epigr.
505 1193 531 1246 V
545 1193 614 1247 1248
634 1193 942 1247 desor.Prudh0mme
1043 1193 1197 1265 inlepide
1303 1242 1314 1261 „

180 1279 294 1333 magno
315 1265 424 1319 effosso
444 1280 540 1334 prope
550 1264 773 1318 Thubursicum
784 1263 865 1319 Bure
884 1265 1110 1334 proconsularis
1128 1281 1198 1335 pro·

181 1350 303 1389 umorue

253 1406 501 1475 ‘recognoscatur
519 1421 645 1460 neeesse
665 1406 718 1459 est'
738 1404 937 1475 Ithohmidt‚
956 1421 1057 1475 neque
1076 1412 1198 1461 mutare

182 1477 349 1546 quidquam
368 1492 461 1530 ausus
481 1492 555 1543 sum,
580 1477 636 1530 etsi
655 1475 737 1530 notis
756 1482 786 1530 et
803 1475 957 1530 dinoscere
981 1475 1055 1546 feeit
1074 1480 1196 1547 plenam

180 1547 314 1602 reddunt
333 1548 521 1601 sententiam.
551 1552 632 1602 certe
651 1548 738 1601 titulo
757 1548 878 1616 signata
892 1549 982 1617 prisci
998 1550 1098 1617 operis
1112 1551 1198 1603 resti-

181 1620 257 1672 tutio
277 1618 481 1687 praedieatur.
510 1617 599 1672 molis
616 1619 667 1672 uel
684 1620 778 1673 moles
793 1617 867 1684 Leo,
888 1621 1012 1673 curator
1026 1634 1092 1674 esse
1106 1621 1196 1675 uerbi

181 1691 396 1758 imperatiuum

656 1780 721 1845 283

180 1903 370 1987 inuidosque
394 1924 481 1970 meos
505 1905 603 1989 oilues
699 1955 705 1968 .

181 2018 213 2076 et
237 2011 445 2096 desperantes
468 2019 586 2094 torqu.

180 2153 238 2219 sed
261 2154 365 2218 nullus
388 2153 492 2237 fugiat
515 2155 589 2218 laua
696 2203 703 2217 .

179 2261 401 2345 Nympharum
424 2261 546 2325 lateant
570 2260 591 2325 d
697 2310 704 2324 .

154 2366 356 2451 agaudemns
380 2366 499 2431 domini
522 2368 613 2431 uenir
697 2416 704 2431 .

251 2524 322 2580 CIL.
342 2524 473 2580 1116379
573 2524 691 2581 Salonis
794 2527 951 2595 superiore
971 2532 1001 2581 et
1020 2526 1194 2582 dexteriore

178 2603 266 2665 parte
285 2596 408 2650 mutilus
427 2596 532 2651 titulus
552 2597 591 2649 ad
610 2597 736 2651 lauacro
756 2596 878 2651 uidetur
897 2599 1079 2666 pertinuisse

250 2668 329 2720 inter
347 2667 365 2719 2
384 2671 414 2721 et
432 2667 449 2720 3
467 2667 559 2721 unius
579 2684 686 2722 uersus
706 2669 837 2735 spatium
855 2669 993 2723 relietum
1013 2677 1058 2724 est

178 2737 195 2790 3
214 2738 225 2788 i
244 2738 275 2789 in
293 2736 398 2807 sapiat
416 2738 547 2807 lapicida
567 2746 674 2808 postea
695 2739 813 2793 addidit
907 2740 925 2793 4
943 2741 1060 2794 nullum
1078 2741 1194 2794 lateant

178 2807 302 2862 dulces?
403 2809 420 2862 5
438 2808 610 2864 uenerandi
622 2826 747 2864 multare
762 2811 844 2865 tale?
873 2812 926 2866 sed
943 2819 1005 2866 tres
1024 2820 1195 2881 postremos

177 2894 287 2933 uersus
309 2880 397 2948 quasi
416 2879 593 2934 Phalaeoios
612 2882 748 2951 incipere
766 2880 830 2937 Leo
850 2883 977 2937 adnotat

654 3044 721 3108 284

504 3217 511 3232 .
581 3167 592 3232 i
616 3167 716 3251 uo[t]u
770 3218 777 3232 .

503 3324 510 3337 .
535 3293 569 3338 ro
593 3276 799 3358 uaporanerit
821 3294 857 3339 as
871 3324 900 3338 ..

503 3431 510 3444 .
535 3382 588 3464 qui
611 3382 760 3466 praebuit
783 3380 878 3446 horas

461 3538 510 3595 ι.
535 3488 668 3572 l]uriata
689 3488 831 3573 procella

500 3643 507 3658 .
533 3593 579 3660 eri
603 3595 724 3660 ditatus
746 3596 779 3660 in
803 3615 928 3660 aeuum.
