2644 3884
154 186 207 242 152
590 198 730 239 naccum

155 348 375 434 pauperib(us)
398 346 551 432 locuples,
576 345 637 411 sibi
660 365 794 430 pauper,
810 328 872 429 ¹qni
896 345 981 411 bona
1004 346 1091 411 uitae

155 456 333 541 praesentis
355 453 482 537 fugiens
504 452 620 518 meruit
643 472 773 538 sperare
796 452 946 518 futuram.

227 613 315 667 aoso
333 613 422 667 mser.
443 613 542 666 christ.
562 611 646 666 nom.
666 611 696 664 11
714 604 811 678 arser
831 616 860 666 et
879 612 940 676 111,
960 612 993 666 u
1086 596 1170 667 extat

155 686 187 738 in
206 683 235 740 S.
249 683 381 740 Sabinae
399 685 431 737 in
449 682 603 737 Auentino
624 697 716 752 opere
735 684 865 737 mustuo.
894 683 972 737 sedit
982 682 1169 738 Caelestinus

156 771 237 826 papa
256 756 295 810 ab
315 772 395 809 anno
415 754 469 808 422
487 755 527 808 ad
545 753 599 807 432

214 828 415 909 Ι6666111116
436 827 575 880 acumine
584 824 739 880 quenalis
752 825 777 890 5,
789 825 840 878 113
860 824 948 880 diues
966 822 1031 890 11111,
1049 839 1171 893 pauper

156 913 264 953 amoeno
1140 920 1142 924 ·

632 987 698 1051 313

156 1111 357 1177 Theodosius
380 1117 473 1196 pater
495 1109 642 1177 Eudocia
666 1131 737 1175 cum
762 1111 898 1194 coniuge
921 1116 1030 1175 uotum

157 1226 292 1301 cum'que
316 1237 374 1283 suo
397 1218 533 1302 supplex
557 1216 707 1282 Eudoxio
729 1217 857 1281 nomine
880 1215 986 1282 soluit.

226 1377 313 1431 Rossi
332 1378 422 1431 inser.
442 1377 542 1430 christ.
562 1376 646 1429 Rom.
667 1375 696 1429 11
715 1376 776 1440 110,
795 1376 830 1430 66
849 1392 888 1430 ex
909 1376 1014 1431 codice
1022 1376 1169 1442 Palatino,

157 1447 269 1504 Gruter
288 1447 366 1514 1174,
385 1449 403 1501 6
503 1448 561 1500 fuit
573 1446 688 1501 Romae
706 1448 738 1500 in
757 1445 785 1502 S.
803 1447 885 1502 Petri
904 1463 923 1501 a
941 1448 1080 1502 uinculis.
1113 1447 1170 1500 Eu-

157 1520 250 1573 doxio.
269 1518 440 1573 Theodosio
460 1518 490 1571 Π
514 1522 544 1572 61
563 1517 699 1572 Eudocia
717 1525 791 1571 nata
810 1519 891 1572 circa
910 1534 1025 1573 anuum
1043 1518 1097 1572 422
1114 1518 1170 1572 Va·

155 1591 322 1645 lentiniano
342 1589 386 1643 ΙΙΙ
405 1589 523 1659 pridem
543 1590 727 1659 desponsata
746 1594 776 1644 61
795 1606 822 1643 a.
837 1589 890 1644 437
910 1588 1170 1659 Constantinopoli

155 1666 252 1730 nupta
270 1662 302 1714 in
320 1660 439 1714 Italiam
458 1661 584 1714 aduenit
603 1676 629 1713 a.
639 1660 692 1714 438
712 1661 808 1730 (facta
826 1661 939 1715 domna
953 1659 1099 1715 Eudemia
1112 1659 1171 1714 Au-

155 1733 247 1802 9usto
265 1733 435 1786 Rauennae
458 1732 533 1787 VIII
548 1729 590 1786 to.
610 1731 686 1802 Aup.
705 1730 864 1802 Agnellusl

227 1802 245 1855 2
263 1819 332 1857 cum
355 1818 411 1857 sco
434 1801 556 1857 nomine
574 1803 656 1858 idem
674 1804 740 1857 fere
760 1804 844 1857 ualet
863 1803 946 1872 quod
964 1817 1020 1857 ouo
1038 1800 1169 1869 nomiae,

157 1874 294 1928 abundat
313 1876 497 1944 praepositio
518 1881 571 1928 aut
592 1890 683 1944 quam
702 1876 852 1929 sententia
868 1874 961 1928 edidit
975 1874 1170 1927 communita-

156 1951 218 2000 tem
232 1946 342 1999 clarius
356 1947 502 2013 enuntiat,
522 1953 556 1999 ut
570 1947 653 2027 apud
664 1945 820 2001 Sedulium
833 1947 895 1999 tres
909 1961 975 1999 arra
991 1960 1059 1998 cum
1073 1945 1170 1999 mente

156 2014 229 2083 uiri,
249 2018 280 2070 in
299 2018 502 2086 heptateucho
520 2018 640 2087 femena
658 2017 761 2071 sordet
782 2031 908 2085 corpore
926 2032 996 2070 cum
1013 2017 1073 2070 toto
1092 2016 1170 2070 simi·

156 2088 259 2157 liaqne
277 2088 380 2142 multo.
409 2104 467 2142 nec
486 2089 551 2142 sine
570 2090 699 2157 argutiis
716 2089 881 2157 composita
900 2093 970 2141 sunt
989 2087 1121 2155 suppleto
1140 2090 1170 2140 et

156 2158 283 2283 Ιεύδοίίας
295 2174 415 2213 nomen.
444 2158 571 2228 coniupe
585 2160 798 2228 suppositurus
813 2163 878 2211 erat
889 2157 1009 2212 Dessau
1020 2159 1109 2211 inser.
1126 2172 1171 2211 se·

168 2230 295 2285 eccere

632 2318 698 2383 314

157 2444 359 2511 Theodosius
383 2446 500 2530 coepit,
524 2444 659 2529 perfecit
681 2444 841 2509 Honorius
865 2444 971 2508 aulam

157 2551 299 2616 doctoris
321 2550 431 2616 mundi
454 2558 614 2617 sacratam
638 2570 772 2636 corpore
794 2550 897 2615 Pauli.

158 2691 323 2757 Placidiae
346 2693 401 2777 pia
424 2712 513 2757 mens
537 2694 643 2778 operis
667 2692 765 2759 decus
789 2713 881 2758 omne
904 2692 1030 2777 paterni

158 2797 280 2884 gaudet
303 2797 463 2883 pontificis
486 2798 593 2864 studio
616 2800 784 2885 splendere
805 2800 934 2867 Leonis.

228 2958 316 3013 Rossi
335 2959 423 3012 inser.
444 2959 545 3013 christ.
563 2958 647 3012 Rom.
667 2958 757 3026 1181,
780 2959 814 3014 11
834 2960 924 3026 6198,
944 2959 961 3013 5
1071 2959 1102 3011 in
1121 2959 1171 3011 ba·

158 3029 243 3088 silica
262 3028 291 3084 S.
309 3030 396 3084 Pauli
415 3031 534 3084 musiuo
555 3045 648 3099 opere
667 3034 773 3084 extant
793 3031 972 3084 instaurata.
1004 3030 1089 3100 prius
1109 3044 1172 3083 car-

157 3115 227 3155 men
250 3100 375 3156 Rossius
398 3101 493 3170 ipsius
518 3100 646 3155 Honorii
669 3101 755 3155 iussu
779 3102 877 3171 apsidi
900 3102 1079 3225 inscriptum
1105 3114 1172 3155 esse

158 3177 254 3240 putat,
272 3173 424 3241 posterius
443 3178 524 3226 certe
543 3177 612 3241 post
627 3172 718 3226 also
737 3179 836 3227 ortum
857 3177 902 3227 est
922 3187 982 3241 quo
1020 3187 1056 3226 eo
1076 3172 1173 3241 ponti-

157 3242 281 3296 ficatum
300 3244 433 3313 suscepit

633 3351 700 3416 315

157 3473 305 3539 Iustitiae
328 3474 425 3558 sedis,
448 3474 524 3541 fidei
547 3474 669 3558 domus,
694 3476 769 3540 aula
790 3473 922 3560 pudoris

158 3580 241 3646 haec
264 3586 313 3647 est
336 3602 432 3665 quam
455 3583 569 3666 cernis,
592 3584 698 3668 pietas
722 3603 817 3666 quam
840 3580 985 3667 possidet
1008 3580 1110 3646 omnis
