2634 3892
632 166 788 207 ADDElNDA

674 314 739 379 855

199 441 324 506 'lessus
347 440 480 506 intrauit
502 446 708 523 monstrumq.
732 441 867 507 biforme
888 441 1027 507 uocauit.

272 599 360 654 Rossi
381 606 438 654 act.
457 601 525 653 inst.
545 601 625 654 arch.
645 600 729 654 Rom.
750 601 820 654 1852
839 617 866 670 p.
880 600 915 654 25
938 601 991 654 ubi
1010 603 1103 655 moris
1124 602 1228 658 fuisse

198 673 327 740 exponit
351 673 478 740 septimo
502 672 624 725 saeculo
648 676 679 726 et
702 676 809 741 postea
827 676 862 724 ut
884 673 1060 740 pauimenta
1079 673 1227 728 basilica-

200 759 269 796 rum
297 743 483 797 emblematis
512 748 694 796 ornarentur
721 743 942 812 mythologicas
974 744 1226 814 allegoricasque

201 816 336 883 picturas
355 815 664 883 repraesentantibus,
682 813 829 882 Oiampini
849 819 910 868 uet.
929 830 1008 868 mon.
1028 814 1057 868 II
1076 816 1138 885 p.5
1157 818 1224 872 tab.

198 885 231 938 II
249 886 314 949 (ubi
333 902 369 954 q.‚
388 887 535 954 nonque)
556 884 798 940 ctPisaurensia
811 884 864 939 347
874 900 896 938 s.
997 885 1096 940 Ticini
1115 888 1148 940 in
1196 904 1226 942 a·

200 958 335 1011 nimenta
350 956 499 1011 Theseum
515 961 545 1010 et
554 955 759 1010 Minotaurum
773 957 943 1010 exhibente.
972 956 1011 1010 ad
1027 957 1152 1012 laeuam
1162 905 1225 1014 ἕο-

201 1027 241 1081 lia
261 1034 291 1082 et
302 1027 405 1081 Dauid
423 1029 495 1097 picti
515 1032 594 1101 sunt,
613 1029 644 1080 in
664 1034 750 1082 scuto
766 1028 901 1097 gigantis
915 1042 984 1081 sum
1001 1027 1090 1094 serus
1109 1031 1139 1083 et
1155 1030 1224 1099 for-

197 1096 249 1166 tis,
278 1097 405 1168 cupiens
431 1099 508 1153 dura
532 1102 564 1164 u(
590 1099 687 1165 linaro
710 1097 827 1161 mortis,
856 1114 950 1168 supra
972 1098 1100 1154 Dauidis
1124 1106 1225 1171 caput

195 1167 350 1224 sternitur
363 1171 468 1235 alatus,
488 1171 549 1224 stat
561 1168 646 1224 mitis
660 1170 702 1223 ad
717 1171 781 1224 alta
794 1171 921 1223 huntus.
945 1170 1024 1223 illius
1037 1172 1224 1240 interpreta-

200 1243 313 1295 tionem
325 1242 490 1311 allegoriae
501 1241 625 1295 Rossius
636 1241 735 1296 adfert
746 1256 763 1295 e
773 1242 950 1310 pauimento
960 1241 1140 1297 Placentino
1154 1259 1225 1299 sac·

201 1313 262 1365 culi
282 1312 389 1366 decimi
409 1313 440 1365 in
460 1327 520 1380 quo
540 1314 685 1380 scriptum
705 1314 743 1366 sit
762 1313 818 1366 sub
837 1312 1009 1392 labyrintho
1029 1313 1110 1367 hunc
1131 1329 1224 1368 mun·

199 1384 277 1437 dum
298 1382 396 1454 typice
420 1382 615 1463 labyrinthus
642 1384 765 1438 denotat
789 1381 853 1449 iste,
882 1382 1014 1437 intranti
1033 1384 1151 1454 bargus,
1176 1402 1223 1440 re·

197 1453 308 1508 donati
327 1456 381 1580 seed
400 1453 494 1509 nimos
513 1456 600 1509 ortas
735 1452 878 1522 biformis
898 1454 1096 1510 Minotaurus
1112 1455 1223 1526 Vergi-

201 1526 268 1593 lius,
289 1528 326 1579 cf.
370 1527 404 1579 ir.
426 1526 461 1579 67

680 1632 744 1698 856

202 1757 306 1824 Tibur
328 1758 408 1823 mibi
430 1759 546 1844 patria,
571 1757 724 1841 Agricola
747 1778 816 1823 sum
839 1759 1009 1840 uocitatus,

202 1865 334 1930 Flauius
357 1865 453 1949 idem,
478 1886 539 1948 ego
563 1884 632 1930 sum
656 1864 859 1931 discumbens
881 1871 917 1929 ut
939 1885 990 1930 me
1013 1863 1142 1931 uidetis.

203 1973 251 2038 sic
274 1979 307 2037 et
330 1977 409 2057 aput
432 1992 564 2058 superos
588 1974 680 2036 annis
703 1972 818 2055 quibus
841 1972 910 2036 fata
934 1971 1052 2037 dedere

203 2079 376 2144 animulam
401 2080 496 2161 colui,
519 2099 581 2144 nec
605 2078 707 2143 defuit
730 2099 849 2161 umqua
871 2078 1012 2163 Lyaeus.

175 2187 441 2269 spraecessitque
463 2186 551 2271 prior
573 2186 742 2250 Primitiua
765 2186 949 2269 gratissima
972 2184 1160 2270 coniuncxs,

201 2292 316 2358 Flauia
339 2300 371 2358 et
394 2295 477 2379 ipsa,
501 2293 617 2359 cultrix
642 2291 724 2357 deae
747 2293 903 2358 Phariaes
927 2298 1017 2358 casta

201 2399 376 2484 sedulaque
400 2407 433 2465 et
456 2401 559 2466 forma
582 2400 700 2466 decore
723 2400 858 2484 repleta,

199 2527 273 2571 oum
296 2527 359 2590 qua
383 2513 431 2572 ter
455 2507 554 2573 denos
578 2507 780 2573 dulcissimos
803 2505 925 2590 egerim
949 2526 1059 2572 annos.

200 2613 418 2697 solaciumque
442 2615 491 2680 sui
515 2615 644 2698 generis
666 2614 830 2679 Aurelium
853 2613 1054 2677 Primitiuum

163 2718 346 2801 retradidit,
371 2722 425 2804 qui
449 2722 571 2805 pietate
595 2741 652 2786 sua
676 2720 796 2785 coleret
819 2719 953 2803 fastigia
976 2724 1095 2802 nostra,

199 2826 436 2910 hospitiumque
459 2828 538 2892 mibi
561 2847 675 2892 secura
698 2826 840 2891 seruauit
863 2828 896 2890 in
921 2846 1046 2891 aeuum.

199 2934 295 2999 amici
319 2934 374 3016 qui
397 2935 514 3017 legitis,
538 2954 662 3015 moneo,
686 2934 819 2999 miscete
841 2933 987 3017 Lyaeum

200 3046 232 3106 et
255 3047 368 3126 potate
391 3041 502 3125 procul
526 3040 667 3105 redimiti
691 3045 836 3124 tempora
859 3038 936 3105 llore

200 3153 233 3213 et
254 3167 410 3213 uenareos
434 3147 537 3213 coitus
560 3147 708 3212 formosis
731 3167 771 3212 ne
796 3145 955 3229 denegate
978 3145 1110 3231 puellis:

158 3278 187 3319 rs
200 3260 307 3319 cetera
330 3261 404 3338 post
427 3253 548 3320 obitum
573 3260 658 3318 terra
681 3253 839 3319 consumit
863 3259 896 3318 et
917 3252 1011 3337 ignis.

268 3430 340 3486 CIL.
351 3431 392 3485 VI
403 3431 491 3485 17985
501 3447 528 3498 a,
541 3429 677 3485 Fabretti
690 3430 753 3499 421,
763 3430 817 3485 387
828 3429 889 3493 (Or.
899 3429 1026 3484 Hermen
1039 3427 1129 3495 7410).
1154 3427 1216 3484 AL.

196 3500 363 3555 Burmanni
382 3501 423 3557 IV
442 3502 503 3567 377,
534 3501 748 3570 Meyeri1502.
792 3502 830 3554 cf.
852 3490 955 3556 Olahn
976 3502 1006 3553 in
1027 3501 1102 3553 actis
1130 3501 1216 3555 acad.

195 3569 309 3625 Saron.
326 3573 395 3627 1851
415 3590 443 3643 p.
457 3573 509 3627 178
617 3572 800 3627 fuitRomae
818 3573 876 3627 sub
894 3573 983 3642 signo
1004 3572 1143 3626 cubantis
1162 3587 1215 3641 po·
