2644 3884
593 145 732 186 DACTYLI

633 347 697 411 301

158 489 368 555 Constantina
391 487 487 554 deum
509 509 666 555 uenerans
690 488 881 572 Christoque
906 487 1016 555 dicata

158 597 313 664 Omnibus
336 596 488 681 impensis
511 596 630 661 denota
653 602 759 662 mente
782 597 905 681 paratis

157 704 295 772 Numine
319 702 428 768 diuino
451 704 585 768 multum
609 702 800 786 Christoque
823 703 954 770 iuuante

158 809 292 875 Sacrani
316 811 469 894 templum
491 809 635 875 uictricis
658 811 792 893 uirginis
815 810 933 895 Agnes,

133 916 363 1001 sTemplorum
387 915 473 999 quod
496 916 598 982 uincit
621 937 701 1001 opus
724 924 914 999 terrenaque
938 924 1064 1001 cuncta,

157 1023 265 1088 Aurea
289 1044 371 1107 quae
393 1025 526 1090 rutilant
548 1025 662 1089 summi
685 1024 817 1106 fastigia
841 1025 929 1091 tecti.

157 1131 282 1197 Nomen
306 1131 390 1196 enim
415 1130 533 1197 Christi
558 1132 738 1197 celebratur
761 1131 892 1197 sedibus
915 1131 995 1214 istis,

158 1235 349 1303 Tartaream
371 1239 458 1302 solus
480 1239 584 1322 potuit
609 1239 663 1320 qni
685 1240 815 1304 uincere
837 1244 972 1303 mortem

158 1343 310 1410 Inuectns
334 1346 424 1410 caelo
448 1346 598 1427 solusque
622 1345 740 1410 inferre
763 1345 957 1430 triumphum

120 1474 147 1513 ιο
157 1449 283 1517 Nomen
306 1450 399 1516 Adae
422 1451 563 1517 referens
587 1458 619 1517 et
643 1472 758 1537 corpus
781 1459 814 1518 et
837 1453 945 1518 omnia
968 1454 1110 1518 membra

157 1555 187 1619 A
210 1556 321 1622 mortis
343 1558 483 1622 tenebris
506 1564 538 1622 et
564 1578 662 1624 caeca
685 1566 779 1624 nocte
802 1560 919 1626 leuata.

158 1662 299 1747 Dignum
323 1663 421 1747 igitur
443 1685 557 1730 munus
579 1672 701 1750 martyr
724 1666 904 1749 deuotaque
929 1666 1056 1733 Ohristo

157 1769 209 1833 Ex
233 1771 347 1853 opibus
370 1771 486 1836 nostris
509 1791 567 1855 per
590 1774 719 1838 saecula
741 1773 839 1856 longa
861 1773 995 1856 tenebis,

159 1876 186 1943 O
210 1876 288 1941 felix
310 1877 413 1960 uirgo,
437 1877 635 1942 memorandi
658 1878 795 1944 nominis
818 1879 936 1963 Agnes.

230 2053 318 2107 Rossi
337 2056 427 2107 inscr.
442 2054 542 2108 christ.
558 2055 643 2109 Rom.
657 2056 686 2108 Π
698 2073 726 2125 p.
739 2055 776 2109 44
788 2056 923 2111 adhibito
940 2056 1044 2111 codice
1059 2056 1173 2110 saeculi

160 2123 230 2179 VIII
240 2124 377 2179 Parisino
394 2125 559 2194 pleniorem
574 2129 753 2195 promittens
769 2129 986 2192 recensionem,
1002 2127 1092 2182 Orelli
1103 2128 1172 2181 1097

230 2196 288 2249 luit
298 2195 412 2251 Romae
428 2197 460 2248 in
479 2197 586 2265 apside
599 2197 742 2253 basilicae
757 2214 848 2267 quam
860 2197 1060 2253 Constantina
1073 2199 1128 2252 deo
1141 2199 1173 2252 in

159 2267 305 2321 honorem
325 2265 353 2322 S.
372 2266 500 2336 Agnetis
525 2267 702 2322 condiderat
725 2270 778 2323 uia
797 2269 995 2324 Nomentana.
1029 2268 1173 2324 Constan-

158 2340 223 2391 tina
243 2338 376 2392 creditur
396 2353 462 2392 esse
481 2337 671 2393 Constantini
689 2338 769 2410 Aug.
789 2341 850 2393 filia
870 2342 1000 2409 primum
1018 2340 1173 2394 Hanniba·

158 2409 239 2463 liano
252 2410 336 2534 {latii
356 2414 453 2478 nupta
473 2411 583 2464 deinde
602 2410 689 2466 Gallo
710 2411 833 2466 Caesari
855 2414 893 2475 (a.
903 2412 966 2476 351)
986 2413 1024 2466 cf.
1043 2410 1173 2465 Ammia-

159 2495 232 2534 num
341 2482 354 2533 1
384 2482 401 2534 2

229 2551 247 2604 3
265 2522 387 2606 nomiae
407 2553 436 2606 d.
449 2553 637 2634 multumque
650 2552 769 2609 Christo
787 2550 906 2607 iubente
919 2554 1013 2607 Paris.
1090 2552 1108 2606 4
1126 2568 1173 2607 sa-

158 2621 258 2676 cracii
278 2621 327 2676 Or.
427 2624 445 2678 5
464 2639 542 2692 quae
560 2623 636 2679 nteit
655 2624 704 2679 Or.
804 2625 821 2678 6
839 2623 987 2694 curetque
1005 2625 1100 2678 Paris.

194 2691 303 2746 rutilat
321 2692 369 2747 Or.
471 2694 701 2764 senatoresque
720 2696 801 2749 coelo
820 2696 904 2750 solas
920 2696 1004 2766 ferre
1023 2696 1117 2750 Paris.

231 2764 266 2817 10
284 2764 361 2817 adae
380 2763 505 2818 Rossius
524 2782 541 2819 e
562 2766 667 2821 codice
686 2767 759 2820 alio:
779 2767 859 2821 addo
878 2767 972 2821 Paris.
992 2767 1093 2821 adhuc
1113 2767 1161 2822 Or.

635 2963 701 3026 302

159 3101 254 3181 Felix
277 3102 410 3168 militiae
433 3105 568 3188 sumpsit
590 3104 709 3170 deuota
733 3105 863 3171 louinus

161 3210 289 3292 cingula
312 3209 464 3274 uirtutum
488 3212 612 3276 culmen
635 3218 807 3295 prouectus
830 3213 862 3277 in
885 3212 984 3276 altum

159 3314 273 3398 bisque
296 3315 390 3382 datus
413 3318 535 3383 meritis
558 3319 698 3401 equitum
721 3319 930 3403 peditumque
953 3319 1106 3403 magister

160 3421 273 3518 extulit
296 3427 460 3488 aeternnm
483 3425 660 3490 saeclorum
683 3426 716 3489 in
739 3426 869 3490 saecula
891 3445 1016 3490 nomen.
1171 3420 1175 3426 “

136 3527 216 3592 ssed
240 3527 362 3612 pietate
385 3529 478 3612 graui
501 3536 593 3595 tanta
616 3530 697 3595 haec
719 3532 892 3615 praeconia
915 3530 995 3596 uicit
