2650 3882
162 123 215 176 194
598 136 737 177 nacrrnr

233 281 305 337 CIL.
319 281 443 336 1113338
461 282 554 336 multo
573 282 680 336 melius
700 298 791 351 quam
812 284 863 352 qui
883 283 1018 337 omisisse
1037 281 1095 335 hoc
1114 297 1177 335 car·

161 368 231 409 men
242 353 459 407 Mommsenum
479 360 666 407 commentus
679 362 724 408 est
736 353 916 422 Desjardins
935 354 966 406 in
986 352 1176 407 ‘Desiderato

162 424 205 478 du
224 422 296 479 CIL.
315 429 385 478 tom.
405 423 449 476 III
468 424 565 493 suppl.
585 424 607 477 I’
733 425 880 479 Intercisa
899 439 938 479 ex
957 424 1117 478 Pannonia
1134 425 1177 477 in-

161 496 274 551 feriore
294 499 481 575 asportatum
500 496 532 547 in
551 510 690 549 museum
708 495 886 550 Pestinense
1211 542 1216 549 ,

235 567 249 619 1
268 568 340 620 kam
359 566 495 619 anama
514 566 591 635 lapis
613 567 725 620 habeat
743 582 852 636 parum
876 566 980 635 liquet.
1008 581 1121 622 nomen
1144 564 1177 619 id

162 638 257 691 fuisse
275 637 393 692 mulieri
414 638 529 690 conieci
619 637 636 689 2
655 638 811 706 praecedit
829 638 916 691 hasta
934 642 1026 705 recta,
1045 641 1090 691 tot
1107 634 1177 691 aeui

159 708 251 777 post?
352 708 370 762 3
389 710 452 761 exit
470 714 504 761 ut
523 707 610 770 asar
700 708 718 761 4
737 708 775 762 de
794 710 903 763 funere
922 708 1043 774 scilicet,
1059 722 1176 777 pompa

163 777 306 834 comitata
325 777 381 833 Ou.
396 783 465 833 met.
478 778 520 832 IX
530 779 582 833 686
690 779 707 833 5
726 779 882 848 praecedit
900 796 934 849 9:
953 781 1001 833 uir
1021 785 1051 833 et
1068 779 1176 832 mulier

164 851 278 905 cubant
296 848 365 903 liic?
465 850 483 903 6
503 854 532 903 et
551 865 662 904 nomen
681 865 801 919 semper
822 851 901 904 natis
920 848 1157 904 memorabitur?

253 922 390 975 lutrum
411 921 552 974 carminis
572 936 642 989 pars
661 922 754 975 fuerit
774 921 870 987 (uelut
886 920 990 975 sinum
1012 918 1105 975 soluit
1123 925 1176 974 aut

163 992 246 1062 quod
257 991 320 1046 Leo
342 991 503 1060 adscripsit
520 990 624 1047 miuus
643 990 727 1059 olim)
747 1008 788 1046 an
806 993 966 1061 prosaicae
984 992 1176 1061 subscriptio·

162 1065 209 1117 nis
228 1065 378 1117 incertum

628 1152 694 1216 420

163 1277 236 1360 Qui]
259 1276 342 1360 legis
365 1275 449 1340 huno
473 1274 609 1357 titulum,
634 1274 713 1357 quid
735 1274 875 1359 no[men]
899 1278 982 1342 scire
1005 1275 1142 1358 laboras,
1204 1280 1207 1283 ’

163 1383 259 1468 quale
282 1382 406 1464 fuerim,
431 1401 493 1464 quo
515 1388 617 1467 nupta
639 1380 709 1447 uiro
733 1381 912 1465 [libelrtaue
935 1381 1058 1466 quoius,

163 1489 275 1573 anlnos
298 1487 384 1570 quod
407 1488 533 1553 tulerim
556 1487 727 1572 meo[um]?
751 1489 945 1554 miserabere
968 1494 1064 1570 oenc,

163 1595 202 1678 si]
225 1595 346 1660 scieris.
380 1613 520 1677 ergone
543 1593 586 1660 sit
609 1593 710 1677 dolor,
734 1594 796 1660 hoo
818 1614 932 1679 precor
955 1594 1046 1660 audi:

139 1700 280 1786 so]mnia
304 1720 375 1767 cum
399 1699 467 1765 uita
489 1706 624 1785 pereuni
649 1707 681 1766 et
704 1700 814 1765 inania
837 1700 925 1765 fiunt.
970 1697 973 1701 ’

164 1808 327 1892 qu]aitinus
350 1807 412 1872 hoo
433 1807 530 1891 uolgo
553 1827 739 1892 persuasum
763 1804 932 1889 credimus,
956 1806 1083 1891 hospes,

165 1913 298 1999 inldioia
320 1921 356 1979 ut
378 1916 466 1979 uitae
490 1913 583 1979 titulo
608 1914 791 1999 conscripta
813 1913 982 1997 relinquat,

163 2020 216 2105 ne]
240 2040 340 2104 graue
363 2020 414 2103 sit,
439 2039 586 2103 quaesso,
610 2022 724 2106 paucis
748 2007 944 2105 cognoscere
967 2039 1060 2086 casus

165 2127 256 2212 quo]s
279 2127 405 2194 tulerim
428 2127 544 2194 dubios
570 2133 602 2192 et
626 2147 722 2210 quam
745 2128 787 2193 sit
811 2126 882 2192 dira
905 2124 1023 2212 cupido

129 2261 155 2301 ιο
164 2234 307 2317 ulterius
329 2240 514 2300 nascentem
538 2233 678 2316 aliquem
700 2233 878 2318 procedere
901 2232 991 2298 hora.

165 2339 289 2425 tertilus
312 2343 333 2405 a
357 2339 481 2406 decimo
506 2360 578 2406 cum
600 2360 652 2406 me
675 2340 867 2426 produceret
889 2359 999 2421 annus,

166 2447 323 2531 conilugis
346 2446 510 2532 adsumpsi
533 2466 649 2513 nomen
672 2447 891 2530 gremiumque
913 2444 1040 2511 resolui.

166 2559 200 2619 at
222 2552 299 2636 n]on
321 2560 357 2618 ut
379 2556 463 2619 uotis
486 2554 607 2639 pepigi,
631 2572 681 2618 me
705 2553 775 2618 fata
797 2552 949 2619 tulerunt.

166 2658 320 2744 temp]ore
344 2679 418 2724 nam
442 2659 559 2742 exiguo
583 2659 661 2724 felix
684 2658 767 2723 haec
790 2659 896 2725 omina
919 2658 1005 2723 traxi

130 2764 314 2848 odaei-aqi
338 2770 371 2830 et
393 2763 539 2830 Blandae
562 2765 676 2850 opibus
699 2763 852 2830 decorata
874 2765 964 2849 prius
987 2784 1082 2847 quam

143 2868 275 2954 saeua]
298 2889 357 2955 per
379 2890 549 2956 opscurum
572 2889 703 2955 serpens
725 2890 812 2936 mors
835 2876 951 2936 cuncta
974 2871 1114 2937 resoluit.

167 2978 290 3062 tertqus
314 2976 481 3061 insurgens
503 2975 582 3041 mihi
605 2975 654 3042 sol
677 2996 749 3042 cum
773 2977 908 3059 coniuge
930 2978 1028 3059 uisus,

167 3104 230 3150 non
253 3085 375 3169 ilamen
397 3086 535 3165 omnino,
560 3088 592 3147 et
616 3083 746 3165 quintae
769 3082 826 3147 uix
849 3081 966 3147 deinde
988 3081 1159 3149 kalendae.

168 3190 244 3257 hino
266 3191 329 3276 me]
353 3191 452 3274 igitur
473 3209 588 3255 nosces
610 3195 736 3255 sextum
759 3188 981 3271 decimamque
1005 3190 1116 3256 tulisse

131 3297 296 3381 mannulm
319 3316 414 3379 quem
436 3299 524 3362 ultae
546 3295 641 3361 finem
663 3294 742 3360 mihi
766 3295 846 3380 [fata
868 3294 1036 3361 dedemnt.

169 3402 325 3488 condidit]
350 3403 434 3469 hanc
456 3401 567 3469 sedem
590 3403 729 3468 coniunx
751 3401 972 3486 m[aeronsque
995 3400 1144 3486 diemque

169 3508 356 3595 expectans]
380 3509 457 3574 mihi
481 3529 543 3592 quo
567 3508 647 3575 felix
671 3506 822 3592 [societur
843 3508 877 3573 in
900 3528 1024 3574 aeuom.
