2648 3886
573 180 761 220 HBXAMETRI

161 347 180 392 o
204 326 308 392 dulcis
331 327 469 392 coniunx
493 325 599 393 animo
622 319 805 411 gratissima
828 327 956 411 nosltro.

137 435 287 502 onomine
311 434 493 516 consimilis,
517 433 618 517 iugali
641 433 719 498 flore
744 435 849 516 beata,

162 548 252 606 easta
274 539 418 625 pn[di]ca
440 560 528 606 meos
550 539 709 606 thalamos
732 561 772 605 ac
795 540 905 605 fomite
928 539 1060 623 almonis

160 646 301 713 nondum
324 647 473 732 suppleta
496 648 615 713 cubilia
638 654 751 713 sancta
773 646 916 731 liquis[ti.

162 753 275 820 saltem
301 753 387 836 quod
410 762 556 838 superest
579 774 645 835 oro,
669 755 736 819 scio
760 773 897 836 namque
922 753 1068 838 [tauchis

161 860 260 926 funde
283 880 395 946 preces
419 861 562 926 subolum
586 880 625 926 ac
648 861 732 925 uotis
754 867 844 925 utere
867 860 1006 944 nostrils,

126 974 198 1034 rout
221 968 351 1051 longum
374 966 461 1032 uitae
485 968 581 1033 liceat
604 966 811 1032 transducere
835 973 968 1051 tempus.

235 1142 307 1199 CIL.
326 1144 367 1198 VI
388 1143 484 1210 12072,
503 1143 611 1197 Marini
630 1145 699 1196 frat.
719 1141 792 1196 Aru.
812 1159 840 1212 p.
854 1143 906 1197 266
1011 1142 1126 1197 Romae
1145 1143 1177 1195 in

163 1217 344 1269 coemeterio
365 1213 519 1284 cyriacae,
539 1215 666 1284 periisse
683 1214 807 1268 uidetur
956 1215 1177 1283 praescriptum

163 1284 366 1340 ...Antoniae
385 1285 516 1341 Seuer-ae
535 1283 660 1355 coniupi
843 1289 859 1300 “

236 1356 374 1411 Ινηαννὶσ
392 1373 428 1411 ac
447 1359 548 1411 terras
567 1356 729 1410 Lucretius
748 1356 861 1424 aliique
979 1357 996 1411 5
1015 1371 1125 1411 seuera
1142 1361 1177 1409 ut

162 1429 370 1482 nominabaris
389 1429 432 1482 ito
451 1443 519 1482 eras
619 1428 636 1481 7
655 1429 756 1481 iuerat
774 1441 855 1481 uxor
869 1427 955 1481 istius
969 1428 1065 1481 altere
1081 1432 1115 1480 ut
1133 1428 1177 1479 ui-

164 1500 252 1553 detur
271 1514 328 1553 nec
348 1500 400 1553 diu
484 1499 501 1553 9
518 1499 616 1569 fonde
637 1498 714 1553 Orco
735 1500 842 1567 opinor
862 1498 969 1567 disque
988 1499 1093 1552 interis
1109 1512 1177 1565 prc-

162 1585 210 1626 ces
229 1571 370 1625 subolum
389 1575 530 1625 natorum
553 1585 621 1624 cum
645 1575 732 1639 patre
751 1570 921 1638 optantium
939 1570 1063 1640 longam
1082 1570 1177 1623 uitam

640 1730 703 1794 547

163 1856 226 1920 Hic
248 1855 333 1920 iacet
357 1854 478 1939 Ogygii
502 1852 634 1936 Bocc]hi
659 1852 712 1917 dei
735 1858 812 1917 nota
836 1852 1009 1937 [socerdlos

163 1960 473 2046 pastophoruslquoe
497 1959 578 2024 deae
601 1958 768 2042 Niloltidis
790 1978 891 2041 usque
914 1958 1044 2043 pludica

163 2069 291 2134 nomine
314 2065 534 2151 Alelxandria‚
560 2065 611 2130 cui
633 2065 692 2129 flos
717 2064 871 2149 [uixdlum
894 2065 1055 2148 iuuentae,

164 2195 236 2240 curn
259 2173 324 2238 iarn
347 2171 534 2256 P]arearum
556 2178 634 2237 nota
656 2170 805 2256 sustu[lit]
831 2171 942 2236 inuida
964 2172 1043 2235 Diti.

235 2351 358 2420 Ephem.
379 2351 474 2419 epigr.
494 2348 535 2403 IV
552 2348 677 2411 301,874
696 2348 792 2402 deser.
808 2347 943 2413 Hennen,
962 2347 1071 2401 Kaibel
1091 2349 1179 2401 inser.

163 2438 209 2492 gr.
230 2420 287 2477 Sic.
307 2421 385 2489 1366,
405 2420 479 2475 Gori
497 2423 587 2474 inser.
607 2419 621 2471 Ι
639 2420 699 2485 373,
721 2418 773 2473 128
877 2418 1049 2472 Florentiae
1067 2420 1098 2471 in
1118 2434 1179 2472 sar·

164 2493 305 2562 cophago
324 2507 494 2546 marmoreo
515 2491 642 2560 originis
661 2491 800 2543 urbanae
940 2490 1061 2543 sinistra
1080 2491 1180 2543 tracte

164 2569 218 2630 est,
238 2564 347 2617 dextre
366 2569 396 2617 et
408 2564 470 2616 imo
483 2567 591 2616 ornata
608 2561 714 2630 liguris
733 2561 940 2614 muliebribus.
969 2560 1096 2613 latinum
1116 2576 1180 2613 cor·

163 2650 233 2689 men
252 2635 358 2704 graeci
380 2649 489 2688 uersus
513 2638 574 2686 tres
598 2633 755 2701 excipiunt
779 2630 889 2699 ἐνθά1δε
908 2631 1086 2698 Ἀλεξάνδρια
1109 2632 1179 2698 κόρη

164 2706 307 2771 πρόπολος
330 2705 474 2757 Διονύσου
501 2703 704 2771 [π]αστοφόρος
731 2719 762 2756 τε
790 2707 855 2766 θεᾶς
882 2703 1048 2766 Νειλώτιδσς
1073 2703 1181 2766 stolone

164 2778 252 2842 ἁγνῆς
271 2777 358 2829 εἴκοσι
377 2778 418 2839 δὶς
437 2776 611 2841 πληρώσασα
630 2776 723 2839 χρόνω
742 2780 829 2827 κεῖται
850 2774 1033 2838 λυκαβάντων

235 2848 252 2901 3
272 2847 395 2900 difficile
413 2848 542 2900 inuentn
560 2859 668 2898 uerum
691 2861 753 2898 non
778 2846 945 2899 adiuuante
964 2850 1069 2898 metro.
1107 2860 1181 2898 num

161 2919 219 2989 flos
234 2934 289 2987 pro
303 2922 412 2973 neutro
427 2918 562 2970 habitum
576 2920 611 2969 ut
625 2915 676 2969 103
691 2914 714 2970 C
727 2915 775 2970 ro?
793 2917 850 2986 flos
868 2917 961 2985 proto
979 2913 1121 2969 iuuentae
1141 2930 1181 2968 an

165 2989 280 3044 simile?
300 3004 375 3043 sane
393 2989 425 3041 in
445 2987 693 3055 quadragenario
712 2984 878 3040 etiamnum
897 2987 998 3055 aptius
1018 2992 1083 3039 erat

163 3061 182 3115 4
201 3063 219 3115 i.
239 3061 364 3115 abstulit
383 3059 422 3113 ad
441 3058 556 3113 Ditem:
575 3060 718 3111 iunctura
736 3059 900 3112 uerborum
920 3059 1052 3126 pessimo

640 3219 706 3284 548

164 3346 227 3411 Hic
250 3347 334 3411 iacet
358 3344 487 3409 Aufidia
510 3344 666 3409 Seuerina
689 3345 781 3427 signo
805 3343 959 3426 Florenti,

164 3451 214 3515 bis
238 3451 351 3534 quinos
374 3449 474 3517 denos
498 3470 580 3533 quae
603 3451 684 3514 uixit
707 3469 807 3516 annos
830 3450 955 3515 aetatis.

165 3563 255 3622 casto
278 3557 341 3622 fide
364 3577 490 3642 semper
512 3563 584 3622 toru
606 3557 753 3622 maritale
776 3555 891 3622 dilexit
