2644 3884
598 156 735 197 DIMFITRI

353 300 419 365 sAt
441 322 525 369 nunc
548 303 687 369 uidendo
711 305 829 389 ingiter

372 408 416 473 Et
438 409 547 476 fletum
570 417 603 476 et
625 413 763 495 gemitus
787 415 937 497 Integrat.

230 547 303 604 CIL.
322 549 393 604 VIII
405 551 457 606 251
478 553 573 607 deser.
592 553 768 620 Wilnranns,
787 555 884 624 suppl.
898 555 986 609 11405
1086 554 1173 612 Sufe-

154 620 250 675 tulae.
278 624 455 677 acrostichis
475 630 520 678 est
541 625 655 679 Gallae.
687 627 775 680 blnos
795 626 939 681 dimetros
958 627 1120 697 Pompeius
1139 629 1171 681 in

154 707 254 746 unum
274 694 355 748 coire
374 695 471 748 uoluit
491 703 668 750 ornamento
691 697 854 770 colligante
873 713 981 752 uersus
1002 699 1083 752 135
1102 713 1172 752 cum

154 766 324 887 proxumis.
357 766 501 835 inprime
522 773 551 822 et
570 773 723 837 postremo
742 784 836 822 uersu
855 784 909 838 pes
928 769 1080 823 secundus
1099 785 1173 839 pon·

180 848 296 888 erosror

230 907 244 959 1
265 921 381 960 sacram
402 907 509 963 Gallae
528 910 660 979 effigiem
681 916 768 979 pater
787 911 847 965 alte
864 911 995 964 locatam
1015 911 1135 965 dedicat

194 977 248 1030 4s.
267 977 400 1033 Marcelli
418 979 501 1050 Emp.
521 998 550 1051 p.
564 981 637 1047 79,ss
654 981 767 1035 Helmr.
786 979 987 1036 lacrimarum
1011 980 1173 1052 capitalem

154 1047 301 1117 adposuit
318 1049 421 1105 Hense

633 1162 696 1225 221

159 1330 167 1347 .
215 1331 222 1346 .
271 1335 277 1348 .
327 1333 334 1348 .
380 1285 434 1350 hie
457 1284 521 1350 sita
544 1285 603 1369 est]
628 1281 797 1371 Victoria!

157 1410 240 1473 quae
263 1391 398 1476 pulchra
421 1392 524 1457 forma
547 1399 626 1476 tota,
649 1392 824 1478 pul]ehrior
846 1392 988 1458 moribus
1008 1392 1013 1479 l

158 1498 281 1562 cunctis
305 1496 444 1582 delcoris
464 1496 469 1583 Ι
491 1500 685 1584 [antecessit]
709 1500 847 1565 feminis.
869 1497 874 1585 Ι

129 1632 147 1672 a
406 1605 464 1671 sed
487 1627 550 1671 non
573 1607 686 1693 am]ori
709 1608 854 1689 liberum,
875 1603 881 1693 1

408 1733 472 1778 non
486 1715 599 1803 'Parca
621 1713 739 1799 palroit
763 1714 918 1797 coniugis,
940 1711 944 1798 1

409 1840 491 1902 quae
514 1820 628 1903 morte]
652 1822 738 1905 rupit
761 1820 911 1904 stalmina
932 1818 936 1906 Ι

544 1976 552 1991 .
611 1924 945 2012 oseptemmu..l

544 2083 551 2097 .
610 2035 760 2116 iquarta
781 2035 823 2098 ho
848 2083 890 2099 ..

230 2173 301 2229 CIL.
321 2173 392 2228 VIII
412 2174 482 2228 1069
501 2175 597 2229 deser.
616 2174 764 2229 Huebner
886 2174 1071 2248 Carthagine
1091 2176 1174 2230 abla-

154 2250 222 2300 tum
244 2248 276 2299 in
299 2261 437 2300 museum
456 2245 665 2300 Britannicum
688 2248 902 2316 fragmentum.
941 2247 1056 2300 cadunt
1079 2263 1174 2301 enun-

154 2318 233 2371 tiata
251 2318 282 2370 in
301 2318 427 2385 iambos,
446 2318 653 2386 iambicosque
666 2319 776 2386 partim
792 2319 928 2371 senarios
942 2317 1067 2372 exhibui
1086 2333 1173 2387 prae-

154 2393 251 2443 eunte
270 2387 490 2443 Studenrundio
517 2390 625 2458 partlm
652 2390 873 2457 quaternarios.
911 2393 1014 2442 tamen
1042 2398 1171 2443 metrum

152 2459 352 2529 indiligenter
371 2465 534 2514 tractatum
553 2460 610 2514 u.2
628 2460 702 2513 fault
720 2468 755 2513 ut
769 2460 904 2513 dubitem
922 2475 963 2512 an
982 2459 1038 2513 soli
1057 2461 1171 2514 fuerint

155 2531 277 2584 dimetri
291 2531 330 2585 ad
343 2532 424 2584 huno
437 2532 559 2586 modum
572 2531 663 2585 Galla
681 2528 730 2585 liic
743 2529 804 2585 sita
817 2532 861 2584 eet
874 2527 1007 2585 Victoria
1022 2530 1171 2600 formosa,

152 2600 316 2670 pulchrior
333 2602 478 2670 moribus,
494 2600 621 2672 pudiea,
637 2603 732 2670 plena
753 2600 870 2656 decoris
889 2599 1066 2671 cunctisque
1083 2617 1173 2670 prue-

154 2675 245 2727 stans
280 2671 389 2727 eminis

229 2673 283 2798 ΒΕ
302 2745 339 2798 de
359 2748 459 2799 aetate
477 2745 611 2798 mulieris
630 2745 734 2814 scripti
753 2745 898 2799 uidentur
921 2745 987 2798 siue
1011 2743 1049 2813 dc
1068 2745 1173 2798 mortis

154 2821 302 2885 tempore,
322 2816 491 2870 litterarum
511 2816 641 2869 simulet
661 2818 747 2870 metri
767 2817 909 2870 idoneum
928 2815 1171 2885 supplementum

155 2903 220 2941 non
245 2889 367 2956 repperi
391 2888 578 2956 periclitatus
603 2888 676 2941 talia
695 2886 817 2958 annisq.
842 2889 955 2956 septem
976 2884 1099 2940 muneri
1120 2887 1174 2940 da·

155 2960 221 3012 tam
239 2956 316 3012 mibi
335 2961 448 3029 quarta
466 2960 542 3013 bora
561 2957 631 3012 tulit

634 3104 700 3167 222

371 3230 468 3295 Parbi
493 3231 673 3315 sepulcrum
698 3229 840 3315 corporis

371 3343 541 3422 parentum
563 3358 626 3402 non
649 3338 733 3404 botis
756 3336 845 3418 datu,

373 3443 459 3527 quod
482 3444 551 3509 fata
573 3445 718 3529 properis
742 3443 887 3509 cursibus

371 3571 506 3636 rapuere
529 3552 610 3618 lucis
632 3550 752 3617 usibus.
