2644 3884
547 174 739 215 snPunuARn

610 339 676 404 229

135 510 591 527 .........
647 461 651 549 Ι
672 464 882 547 Chi]onianus
906 464 1045 550 dediolo.
1068 464 1072 553 l

133 569 192 635 sed
216 568 292 634 date
314 574 350 634 ut
373 569 478 634 fetura
502 568 679 653 qualesltus
699 566 704 656 Ι
724 571 875 655 suppleat
898 573 983 637 uotis
1004 570 1139 660 fidem:l

135 677 240 742 aureis
263 676 399 741 sacrabo
423 695 552 741 oarmen
572 673 577 762 Ι
596 696 673 741 mox
696 676 817 741 uiritim
840 677 967 743 litteris.

206 852 278 908 CIL.
298 851 353 906 VII
366 852 427 920 952,
447 853 580 922 perierat
598 852 676 921 lapis
696 869 765 908 eum
786 853 866 908 male
885 856 1102 924 transcriptum
1119 857 1159 909 ti-

134 924 230 978 tulum
250 924 451 978 emendabam
469 924 501 977 in
521 940 623 993 progr.
642 924 919 979 acad.Bonn.1876
937 942 965 995 p.
978 926 1019 993 12,
1041 926 1156 981 deindo

134 1011 255 1049 rursum
274 997 418 1049 inuentus
459 1000 555 1049 artem
572 995 819 1049 emendationum
833 997 1032 1064 confirmauit,
1053 1013 1160 1052 exem«

134 1068 218 1136 plum
238 1068 342 1135 accepi
362 1067 401 1119 ab
450 1068 587 1120 uebuero
701 1066 846 1121 Bowuess
864 1083 962 1137 prope
982 1068 1152 1122 occidenta-

133 1139 192 1192 lem
201 1138 356 1191 Pictorum
374 1138 448 1190 ualli
468 1138 637 1191 terminum.
666 1138 758 1191 unius
777 1138 808 1191 in
828 1154 944 1192 summo
964 1139 1066 1210 lapide
1085 1155 1159 1194 uer--

135 1224 186 1262 sus
215 1223 387 1278 apparuere
414 1209 555 1278 uestigia,
584 1208 688 1277 plures
716 1209 866 1263 interiisse
890 1214 982 1279 patet.
1021 1216 1157 1265 metrum

134 1281 351 1349 graecanicum

206 1351 220 1403 1
241 1348 406 1405 Nonianus
430 1349 499 1404 olim
525 1365 695 1420 posueram,
720 1351 774 1416 sed
798 1353 878 1405 enim
900 1352 1021 1406 litterae
1040 1353 1159 1407 desunt

68 1466 73 1472 .
134 1429 196 1476 tres
302 1419 390 1491 depae
409 1422 579 1476 ferebatur:
599 1422 659 1476 ded
679 1422 760 1476 clare
778 1422 863 1492 lapte,
884 1438 960 1491 quas
979 1423 1084 1478 addidi
1104 1439 1157 1479 ea-v

134 1508 203 1546 rum
217 1494 350 1562 uestigia
363 1497 530 1546 cernuntur
630 1493 647 1545 2
666 1494 709 1546 sie
728 1493 812 1563 lapis,
834 1509 910 1563 quas
923 1495 1032 1549 inclusi
1051 1497 1159 1550 miuus

135 1568 237 1618 certae
261 1569 347 1618 sunt:
375 1561 437 1617 uite
460 1562 534 1618 iura
553 1566 684 1634 quartus
708 1565 874 1619 ferebatur.
912 1571 1055 1634 precatur
1075 1582 1156 1636 orgo

136 1636 210 1689 deos
226 1640 379 1689 mereator
488 1635 505 1688 3
522 1636 639 1688 Plinius
658 1635 713 1689 VII
735 1636 786 1690 119
808 1637 846 1690 de
865 1652 982 1705 pronao
1002 1637 1158 1707 Delphico·

129 1708 296 1775 praecepta
314 1706 520 1760 consecrando
539 1705 644 1759 aureis
662 1705 773 1761 litteris

611 2009 677 2072 230

135 2133 285 2199 Futuitur
308 2154 429 2200 nunnus
454 2132 614 2219 [pillossus
637 2134 737 2199 multo
756 2135 870 2199 melius
886 2134 1005 2219 [qulam
1020 2135 1156 2219 glaber:

135 2239 272 2324 eladlem
297 2241 439 2306 eontinet
462 2260 615 2326 uaporem
632 2246 665 2305 et
689 2238 803 2305 eadem
826 2240 942 2324 ulelllit
965 2242 1154 2307 mentulam.

205 2416 278 2472 CIL.
292 2417 332 2472 IV
346 2417 416 2471 1830
435 2416 504 2470 add.
524 2433 552 2486 p.
565 2417 626 2485 212,
646 2432 770 2470 uersum
789 2418 804 2470 1
824 2416 899 2485 legit
915 2417 1157 2487 Zangemeister,.

134 2490 151 2541 2
171 2490 312 2558 suppleui
331 2504 370 2542 ex
389 2489 494 2542 tabula
513 2488 557 2553 23,
577 2484 593 2541 6
693 2488 843 2557 Pompeia,
863 2489 1091 2558 ‘inmeritusque
1109 2489 1151 2543 la·

135 2561 225 2614 borut
243 2559 354 2629 paries’

206 2630 223 2683 2
242 2631 348 2685 eadem
366 2631 519 2684 ablatiuus
538 2645 593 2700 per
608 2631 769 2699 syniaesin,
790 2630 1012 2684 eadem-eadam
1022 2631 1156 2686 Plautus

133 2702 242 2755 Baeeh.
256 2702 291 2755 49
310 2704 359 2765 (ef.
380 2701 549 2756 charisium
567 2718 595 2771 p.
609 2701 682 2768 209),
702 2703 729 2756 et
749 2703 877 2756 accessit
897 2703 1027 2757 fortasse
1045 2708 1081 2756 ut
1100 2703 1156 2757 ob*

133 2778 291 2843 tegeretur
310 2773 411 2828 hiatus
491 2773 592 2827 miuus
611 2774 755 2827 conuenit
767 2773 891 2827 tabulae
907 2772 1049 2828 ductibus
1067 2774 1155 2828 uelat-

610 2935 673 2999 231

135 3110 142 3125 .
191 3108 199 3125 .
247 3109 254 3123 .
301 3059 410 3124 fueere
433 3058 595 3142 quondam
619 3059 707 3124 Vibii
729 3059 982 3143 opulentissumi‚

133 3188 198 3232 nou
220 3165 294 3231 ideo
318 3171 487 3230 tenuerunt
510 3165 542 3230 in
565 3185 661 3229 manu
685 3171 846 3250 sceptrum
869 3185 928 3250 pro
951 3166 1094 3230 mutunio

132 3273 256 3357 itidem,
280 3271 366 3355 quod
389 3278 423 3337 tu
447 3272 577 3337 tantitas
600 3271 733 3337 cottidie
754 3272 785 3336 iu
804 3291 900 3336 manu
915 3291 1031 3357 penem
1047 3278 1155 3339 tenes.

206 3449 277 3504 CIL.
297 3449 338 3504 IV
357 3450 426 3504 1939
446 3451 507 3504 tab.
527 3449 569 3516 23,
590 3450 625 3502 10
724 3447 865 3517 Pompeis
884 3449 916 3502 in
935 3450 1052 3518 pariete

206 3522 219 3573 1
238 3523 368 3590 primum
380 3523 510 3576 uerbum
524 3521 691 3588 antiquitus
705 3535 825 3574 erasum
842 3524 871 3574 et
884 3520 976 3589 plane
988 3521 1152 3588 incertum,

131 3594 262 3646 fortasse
280 3608 392 3647 nomen
410 3594 474 3648 eius
495 3593 547 3661 qui
563 3591 768 3661 compellatur.
797 3595 827 3645 et
846 3593 929 3661 quod
948 3592 1085 3660 sequitur
1102 3590 1152 3646 Vi·
