2644 3884
165 149 218 203 114
537 209 545 223 .
593 161 755 202 rnocnnnr

165 307 270 364 Annia
288 306 475 363 Antiocheae
493 306 538 362 sic
562 305 721 376 manciani,
750 306 795 363 sic
815 308 887 378 fuat
906 310 962 363 etsi
980 308 1125 364 Frontoni
1147 310 1180 363 id

165 381 287 451 placuit.
314 380 509 434 memorabile
528 381 665 449 profecto
684 380 745 433 tale
764 380 803 435 de
822 381 890 434 iure
907 381 1038 450 sepulcri
1057 397 1179 435 carmen

236 452 251 504 1
271 451 523 520 confrequentant
541 451 689 521 supplem,
708 451 902 522 frequentent
913 457 1032 505 tantum
1045 453 1179 523 superio-

164 539 222 578 res.
259 524 389 591 spatium
413 522 522 592 lapidis
546 522 572 576 si
594 538 655 576 non
676 525 756 591 capit
778 523 852 577 istas
878 539 991 590 omnes,
1019 524 1179 593 compendi

164 595 279 649 factum
298 598 363 647 erat
382 593 511 661 sepulcr.
621 593 639 646 2
657 594 754 662 suppl.
773 593 977 649 Mommsenns
998 609 1036 648 ex
1056 594 1178 658 Quintil.

165 666 239 719 decl.
254 665 307 719 342
325 665 461 718 uindicta
480 668 701 719 testamentoue
719 666 926 720 manumissos·
941 666 999 719 dici
1019 665 1177 733 adnotans,

164 737 201 790 cf.
220 738 344 805 interpr.
362 736 448 790 Persi
466 735 492 800 5,
511 736 546 790 78
646 736 663 790 3
677 737 836 805 postrema
854 752 925 806 pars
945 738 982 791 cf.
997 735 1120 806 postica

640 915 704 979 241

164 1039 313 1123 Cogitato
337 1046 370 1104 te
393 1039 573 1105 hominesne
592 1036 598 1126 l
620 1046 652 1104 et
675 1041 773 1106 scito:
797 1039 1003 1105 moriendust.
1038 1041 1120 1105 uale.

234 1215 306 1271 CIL.
326 1216 369 1270 IX
381 1217 461 1283 3821,
479 1215 627 1271 Garrucei
645 1218 764 1287 sylloge
783 1217 861 1271 1530.
894 1217 969 1272 fides
988 1232 1082 1286 penes
1101 1216 1177 1272 Buc-

164 1288 269 1342 cellam
289 1294 334 1341 est
433 1290 465 1342 in
484 1288 590 1342 Marsis
610 1290 642 1341 in
658 1304 740 1357 pago
752 1287 780 1344 S.
792 1287 963 1343 Sebastiani
1063 1293 1178 1342 astrum

163 1365 193 1413 et
216 1374 349 1428 serpens,
377 1363 440 1412 tum
459 1357 589 1413 Pocedie
608 1357 677 1413 Sex.
699 1359 723 1428 f.
744 1376 772 1425 a,
801 1354 864 1413 tur'n
889 1375 1011 1413 carmen
1036 1360 1177 1413 bifariam

163 1429 304 1494 diuisum,
323 1429 456 1499 denique
476 1431 588 1483 ualuae
608 1445 677 1483 curn
696 1431 794 1483 anulis
814 1432 1005 1500 apparebant

639 1608 705 1672 242

163 1732 345 1816 Hospitium
361 1732 420 1796 tibi
436 1732 507 1797 hoe.
532 1733 650 1798 inuitus
663 1732 767 1797 nenio.
792 1732 986 1798 ueniundum
999 1740 1047 1798 est
1059 1739 1176 1799 tamen.
1197 1726 1199 1732 ’
1313 1728 1314 1757 ³

235 1908 307 1964 CIL.
325 1908 383 1962 XII
402 1909 473 1963 5270
493 1909 587 1963 deser.
600 1909 772 1964 Hirschfeld
872 1910 1016 1965 Narbone
1034 1912 1066 1963 in
1088 1912 1176 1980 cippo

162 1980 269 2033 litteris
287 1981 375 2034 bonis
394 1981 507 2034 saeculi
526 1982 615 2050 primi
633 1982 804 2051 incipientis

234 2052 425 2119 septenarius
444 2052 539 2104 trech.
552 2052 675 2105 uidetur
694 2068 760 2106 esse
775 2053 878 2106 uerbis
897 2053 1001 2121 primis
1015 2058 1046 2106 et
1064 2058 1178 2121 postre-

161 2123 218 2175 mis
243 2124 394 2175 uiatorem
419 2121 586 2175 admonens
611 2121 753 2176 Manium.
792 2122 939 2177 Muratori
964 2123 1079 2190 1773,6
1105 2125 1177 2193 quia

162 2194 293 2260 spatium
312 2191 466 2261 quoddam
484 2194 563 2246 inter
580 2191 635 2247 tibi
649 2199 679 2247 et
691 2194 745 2247 boc
758 2194 967 2260 intermiserat,
987 2196 1176 2248 senariorum

160 2264 305 2332 reliquias
325 2264 395 2317 olim
414 2265 585 2332 suspicatus
605 2279 688 2317 eram
707 2280 783 2318 mus.
799 2265 882 2318 rhen.
896 2265 931 2317 27
950 2281 978 2333 p.
994 2263 1053 2318 136.
1078 2266 1115 2318 ef.
1129 2281 1177 2319 su-

161 2350 217 2414 pra
235 2334 271 2388 83
290 2341 320 2388 et
339 2334 400 2388 119.
429 2336 460 2387 in
479 2332 646 2403 hospitium
665 2336 748 2403 prior
767 2333 779 2388 i
798 2350 897 2404 aequo
915 2350 952 2388 ae
976 2337 1125 2405 posterior
1144 2337 1174 2389 in

160 2402 280 2460 1111111111
300 2411 406 2460 extare
426 2407 534 2460 ceteris
553 2406 658 2460 litteris
677 2407 774 2460 fertur

638 2586 703 2650 243

161 2708 245 2772 Dum
269 2709 346 2782 uixi,
370 2708 437 2773 bibi
461 2709 607 2774 libenter.
644 2710 745 2774 bibite
767 2729 826 2775 uos
849 2709 907 2806 qui
926 2708 1045 2775 uiuitis.

233 2883 304 2939 CIL.
324 2884 446 2952 111293,
466 2886 564 2956 suppl.
584 2886 662 2952 6825,
682 2886 809 2941 Henzen
830 2886 879 2942 Or.
899 2886 970 2941 6674
1069 2884 1174 2941 Antio·

162 2957 247 3010 chiae
266 2955 398 3011 Pisidiae
520 2959 719 3027 raescriptum
735 2959 764 3011 T.
777 2955 935 3013 0111111111
956 2958 988 3020 Q.
1005 2956 1173 3028 fiSech'a)

160 3030 346 3092 1116111111)
365 3028 421 3098 lep.
444 3029 471 3083 V
515 3026 653 3094 aillioae),
678 3030 882 3100 subscriptum
906 3031 941 3083 P.
963 3027 1121 3085 0111111111
1142 3028 1173 3090 Q.

158 3097 183 3167 f.
203 3097 267 3153 Ser.
284 3098 386 3167 freter
401 3097 490 3168 fecit..
512 3099 669 3169 stipendiis
689 3100 728 3153 ad
744 3100 882 3155 Rhenum
901 3102 989 3154 factis
1008 3104 1174 3154 ueteranus

160 3166 352 3223 Antiochiam
371 3172 512 3239 peruenit
532 3186 600 3224 cum
619 3171 751 3226 deducta
771 3172 891 3226 colonia
909 3176 954 3226 est
973 3173 1012 3225 ab
1032 3169 1173 3240 Augusto

161 3246 214 3293 aut
232 3255 294 3293 non
312 3241 406 3294 multo
426 3246 495 3311 post

232 3308 262 3364 hi
288 3309 415 3366 libenter
438 3310 523 3367 bibio
547 3313 711 3380 ferebatur,
740 3313 915 3368 emendauit
945 3313 1072 3367 Henzen
1097 3328 1175 3367 com·

159 3382 419 3505 Erobauimusque
444 3385 686 3438 emendationem
712 3399 771 3454 ego
795 3385 900 3455 agnito
927 3389 1023 3439 metro
1048 3400 1075 3438 a.
1095 3384 1173 3452 1858,

187 3468 293 3522 amsay
311 3468 410 3524 nuper
428 3456 587 3525 recognito
606 3455 708 3525 lapide
