2644 3884
644 172 735 212 IAMBI

658 337 720 401 137

178 460 257 525 Feci
281 458 366 542 quod
389 460 477 525 uolui
500 461 593 525 uiuus
615 461 843 524 monimentum
866 460 956 543 mihi,

175 568 232 633 ubi
256 587 329 633 ossa
353 573 385 633 et
409 569 531 632 eineres
555 574 719 632 aeternum
742 568 989 648 requiescerent.

250 743 321 799 CIL.
335 744 361 798 V
373 744 443 799 6811
463 760 480 798 6
499 743 603 797 eodiee
616 743 754 797 Palatino
773 744 804 796 in
825 759 884 813 quo
904 744 1017 813 legitur·
1036 748 1105 813 post
1123 746 1194 798 titu-

91 823 94 828 '
175 815 222 871 los
241 816 463 885 Eporedienses
483 813 600 869 Galliae
620 815 787 883 cisalpinae

249 888 264 941 1
284 885 361 941 milri
380 886 527 940 adhaeret
545 887 577 939 in
595 885 700 939 codiee
718 886 824 939 uersui
842 886 859 938 2
878 890 1048 940 extremum

657 1047 720 1112 138

176 1172 216 1237 In
239 1172 302 1238 hoe
324 1169 494 1256 sepulchro
518 1176 592 1236 sunt
615 1191 743 1236 ossa.
837 1221 844 1236 .
937 1220 945 1236 .

175 1279 664 1344 111616111161116166.61111161
736 1328 743 1343 .
837 1328 844 1343 .
937 1328 944 1343 .

249 1453 321 1509 CIL.
341 1454 399 1508 XII
418 1455 471 1508 916
584 1456 642 1509 fuit
659 1454 783 1509 Arelate
802 1457 833 1508 in
852 1454 954 1524 lapide
973 1459 1071 1510 fracto

175 1527 334 1597 praecedit
349 1567 355 1580 .
371 1566 377 1578 .
393 1566 399 1579 .
415 1527 507 1580 orbae
530 1525 649 1581 surutib
669 1528 808 1581 relietum
826 1531 861 1580 ut
880 1527 989 1595 opinor
1009 1542 1047 1580 ex
1066 1527 1193 1581 nomini-

175 1599 235 1652 bus
254 1599 385 1667 propriis
404 1596 512 1663 (..iib.)
567 1599 689 1652 iambici
708 1598 854 1653 uidentur
873 1599 985 1651 senarii
1004 1599 1099 1652 tuisse

248 1669 263 1722 1
284 1668 370 1723 deest
388 1666 522 1723 hominis
541 1668 659 1737 optumi
676 1669 727 1723 uel
749 1667 797 1722 Oti
816 1667 946 1737 Septimi
1046 1669 1063 1721 2
1083 1670 1126 1722 sie
1145 1669 1192 1722 Bi-

175 1740 301 1794 mardus
320 1739 429 1794 Murat.
450 1740 527 1807 1771,
549 1742 578 1795 5:
607 1739 761 1810 seguinus
784 1742 865 1794 inter
883 1738 1000 1794 cineres
1024 1744 1054 1794 et
1073 1738 1193 1794 struaesi

175 1812 293 1865 hiatum
317 1811 458 1876 designat
483 1816 601 1865 tantum
626 1818 774 1881 quantum
798 1812 852 1866 hoo
871 1812 991 1866 litterae
1011 1812 1191 1881 compleant.

176 1887 277 1954 potest
296 1881 429 1937 6111111611
447 1884 501 1937 hoo
520 1882 611 1937 uiuos
630 1880 691 1937 eibi

657 2045 719 2109 139

175 2170 414 2235 Monumentum
437 2187 488 2233 me
511 2170 586 2232 uluo
610 2167 782 2233 aedifieaul
805 2175 837 2233 et
860 2169 893 2232 in
916 2188 998 2233 meo.

177 2283 383 2342 monumento
448 2353 450 2358 ι

249 2453 320 2508 CIL.
334 2453 375 2507 VI
389 2453 483 2520 12668,
504 2452 517 2505 Ι
538 2452 607 2507 1028
626 2454 721 2508 deser.
738 2453 865 2508 Henzon
967 2454 999 2507 in
1018 2467 1123 2506 museo
1135 2451 1192 2506 Va·

175 2527 277 2579 tieano
368 2525 589 2593 praescriptum
609 2527 642 2578 P.
656 2525 777 2579 Atinius
795 2527 829 2578 P.
843 2526 877 2578 P.
897 2524 914 2576 t.
935 2522 1076 2592 Nicepor.
1107 2523 1192 2578 deest

175 2596 292 2665 aliquid
310 2597 342 2648 in
361 2595 428 2662 tine,
448 2596 553 2663 itaque
573 2612 641 2650 oum
660 2599 781 2666 integra
800 2598 838 2650 sit
861 2596 975 2663 tabula,
999 2596 1131 2665 lapidem
1151 2595 1191 2647 al-

176 2676 275 2721 terum
295 2668 388 2720 luisse
407 2668 601 2720 subiunctum
618 2670 747 2722 coniecit
757 2667 903 2721 Marinius
1014 2668 1086 2721 milri
1100 2668 1191 2720 inter·

177 2754 317 2808 pungere
335 2741 404 2807 post
421 2743 529 2792 meoet
548 2739 711 2793 adnectere
729 2740 977 2808 imprecationem
996 2739 1189 2793 monumento

175 2807 287 2879 aequis
306 2807 376 2863 huie
394 2825 521 2862 manum
540 2807 679 2863 intulerit
695 2811 774 2864 maie
792 2812 891 2880 magis
904 2811 1003 2879 placet
1017 2825 1108 2878 quam
1122 2824 1190 2862 oon·

175 2881 307 2949 iungere
326 2878 359 2934 111
377 2895 441 2933 meo
460 2883 654 2935 monumento
669 2879 748 2949 porei
763 2884 886 2950 praeter
898 2897 944 2935 oie
957 2882 1026 2935 uolo
1039 2877 1191 2934 nemimem

657 3063 721 3125 140

178 3183 264 3269 Eg]o
288 3184 394 3250 adlruo
418 3185 631 3271 adolelsleens
654 3187 717 3252 feei
742 3186 990 3270 [monumentum
1013 3184 1102 3248 mihi.

251 3361 323 3416 CIL.
343 3362 386 3417 IX
403 3364 475 3418 4370
494 3380 533 3419 ex
551 3364 759 3433 Lupaeolrinio
890 3363 948 3416 fuit
966 3363 998 3415 in
1017 3377 1094 3432 agro
1114 3360 1193 3415 Ami·

178 3434 298 3488 ternino
318 3435 502 3505 insculptum
520 3437 627 3490 litteris
646 3437 751 3505 prauis
770 3435 940 3488 mutilatum
960 3434 1081 3488 sinistra
1096 3438 1192 3502 parte.

178 3509 247 3574 post
263 3504 324 3573 feci
344 3507 512 3577 anaglypta
531 3509 625 3561 fuisse
642 3507 805 3561 traduntur
818 3506 857 3559 ad
872 3506 1018 3573 dextram,
1039 3521 1058 3559 a
1071 3506 1194 3559 sinistra

177 3577 323 3631 uersiculi
342 3577 403 3632 duo
423 3584 571 3633 exeuntes
590 3580 623 3632 in
640 3595 671 3632 111
691 3585 821 3647 uterque
839 3577 890 3631 uel
909 3578 941 3630 in
960 3594 979 3630 α

1301 676 1316 741 ι’
