2646 3884
147 83 184 138 ai
611 96 702 136 ramur

148 244 271 296 mortua
289 238 337 296 hic
355 239 418 295 sita
436 257 505 297 sura
524 243 646 312 saepius
664 243 810 312 leguntur
951 240 1015 297 heic
1034 239 1161 297 Gruter:

149 314 221 368 iaec
246 312 345 366 codex
479 328 577 368 uerna
598 314 694 381 ἑαρινή
712 315 879 382 interprete
901 312 1044 382 Hauptio‚
1076 317 1163 382 optes

149 387 234 439 actas
250 381 322 452 fuit.
351 385 481 439 antehac
499 385 646 453 οἰκογενής
666 386 734 439 uisa
753 388 819 438 erat
839 400 878 438 ex
897 382 1082 439 Gruteriaua
1100 382 1163 438 ui

149 454 384 524 interpolatione
399 454 557 524 praestitit
674 454 869 510 demoratura
892 456 1077 522 membrana,
1098 470 1163 508 cor·

149 528 225 581 rexi.
253 527 297 579 cst
317 525 345 580 0.
366 526 486 597 Payarc‘
505 529 634 582 coniecit
652 526 773 594 Gruter,
793 528 955 580 eocaratum
976 526 1081 596 Haupt

149 598 166 651 i
186 595 246 652 seis
264 597 381 666 Haupt:
400 598 516 654 sanctis
535 600 564 663 (i.
584 597 655 662 scis)
675 599 782 667 codex,
801 597 846 652 sis
864 596 977 652 Gruter

637 778 681 842 64

147 902 211 983 Hic
234 910 282 968 est
305 903 431 987 sepulta
448 902 578 969 ‚Pacilia
601 902 732 987 Sospita
755 903 810 986 pia
833 903 945 986 proba,

148 1010 240 1075 bonis
262 1010 409 1094 probata,
434 1030 557 1074 summa
582 1030 663 1091 quae
687 1010 769 1074 uixit
792 1008 865 1074 fide.

150 1117 205 1198 qui
228 1116 309 1181 bene
333 1126 520 1200 cognorunt,
546 1117 708 1200 cognitam
733 1118 811 1182 bene
835 1118 1039 1181 existumant.

149 1222 232 1287 hauc
257 1229 289 1287 et
313 1223 396 1307 nale,
421 1242 502 1305 quae
526 1230 629 1308 optas,
654 1225 804 1290 eueniant
827 1224 887 1290 tibi
911 1230 943 1289 et
966 1224 1038 1288 tuis.

220 1398 291 1452 CIL.
305 1398 446 1453 v123685
466 1415 504 1453 ex
524 1401 650 1467 schedis
670 1400 718 1455 Or.
732 1400 803 1455 4740
822 1403 873 1469 qui
892 1401 1039 1459 immerito
1060 1414 1162 1468 suspe-

150 1474 231 1524 ctum
250 1469 369 1522 titulum
389 1471 503 1524 habuit.
522 1470 583 1524 AL.
596 1471 762 1526 Burmanni
777 1472 817 1526 IV
836 1489 864 1541 p.
878 1471 930 1525 245
1037 1470 1159 1524 Romae.

151 1541 355 1610 subscriptum
374 1543 409 1594 L.
428 1541 583 1612 Aquillius
600 1544 737 1596 Faustus
756 1543 793 1597 dc
811 1559 866 1597 suo
883 1540 958 1612 fecit

221 1613 236 1665 1
257 1627 402 1681 expungo
421 1615 544 1667 nomina
562 1612 682 1668 Pacilia
700 1613 825 1682 Sospita
844 1614 1001 1684 supposita
1024 1628 1078 1681 pro
1098 1612 1162 1671 tali-

149 1684 207 1737 bus
217 1683 344 1736 Annaea
354 1684 455 1738 Bassa
469 1690 522 1738 aut
535 1684 587 1738 tali
603 1686 682 1738 dicto
694 1684 785 1755 fraqi
801 1683 912 1739 mulier
1011 1684 1029 1737 2
1047 1685 1084 1737 cf.
1095 1684 1160 1750 aar

196 1754 213 1808 3
232 1752 419 1808 eaeislumaut
437 1758 534 1825 prima
554 1761 693 1825 correpta
711 1761 746 1810 ut
764 1758 796 1810 in
814 1757 962 1810 Plautinis

635 1936 678 2000 65

309 2058 381 2111 bene
399 2059 514 2125 adeas,
534 2057 677 2128 quisquis
696 2074 727 2113 es
746 2058 801 2128 qui
819 2075 865 2113 mc
884 2060 1003 2113 salutas

149 2128 296 2197 adscripsi
316 2145 354 2182 ex
374 2128 466 2183 Gorio
486 2131 574 2182 inscr.
593 2131 653 2183 Etr.
673 2129 718 2183 ]ΙΙ
737 2147 764 2198 p.
780 2131 839 2197 131,
867 2130 920 2183 ubi
945 2130 1047 2183 baleus
1070 2129 1161 2182 tradi·

149 2205 206 2266 tur,
226 2204 261 2252 ut
273 2201 484 2268 praecedentis
495 2202 635 2254 carminis
648 2216 757 2255 uersus
776 2202 904 2254 extremi
918 2200 1077 2254 exordium
1092 2216 1161 2254 con·

149 2271 317 2339 spiceretur
337 2271 516 2341 elegantius,
542 2287 726 2341 quamquam
750 2273 780 2325 hi
802 2287 865 2325 non
884 2277 954 2325 sunt
973 2272 1088 2340 peracti
1107 2286 1161 2324 nu-

149 2343 224 2395 meri
243 2341 308 2411 (qui
326 2340 403 2396 milti
422 2341 500 2396 dicis
518 2344 597 2407 ‘uela

634 2487 677 2550 66

182 2681 187 2693 .
222 2610 390 2678 composuit
407 2625 475 2663 cum
492 2609 526 2662 56
540 2614 570 2663 et
583 2608 820 2663 64Burmannus
834 2610 1061 2678 inscriptionem
1070 2608 1162 2679 Aqui·

150 2680 296 2805 leffigind
312 2679 725 2820 Ἧίῐέὶίἒιῖἱξεὲοέπΐὸῒίῗέεἰ
750 2750 787 2803 dc
813 2748 881 2804 uita
903 2767 971 2805 mcc
995 2750 1081 2806 satis.
1110 2748 1162 2820 fui

182 2823 315 2890 probata
335 2837 412 2892 quae
431 2821 501 2876 uiro
516 2820 624 2891 placui
642 2823 728 2877 bono.
762 2821 816 2891 qui
841 2838 888 2876 mc
908 2824 945 2877 ab
968 2821 1029 2877 imo
1053 2819 1162 2877 ordine

187 2893 229 2947 ad
248 2908 401 2948 summum
415 2892 567 2961 perduxit
585 2894 729 2947 horrorem

45 2976 48 2982 ’
150 2965 181 3017 in
202 2980 263 3033 qua
281 2965 382 3018 media
399 2962 553 3018 urbanum
573 2965 708 3018 efficiunt
727 2966 881 3019 senarium

348 3034 400 3104 fui
414 3037 555 3104 probata,
576 3052 653 3106 quac
671 3035 741 3090 uiro
757 3034 865 3104 placui
884 3038 969 3103 boue,

151 3106 324 3174 etreliqua,
348 3108 406 3160 nisi
426 3108 591 3160 clausulam
615 3109 743 3177 scriptor
762 3108 951 3162 antetulisset
970 3105 1161 3174 dactylicam,

150 3178 240 3231 facile
259 3183 425 3246 potuerunt
443 3180 475 3232 in
493 3179 609 3233 iambos
628 3180 728 3248 redigi

636 3359 676 3422 67

151 3480 242 3546 Haec
265 3489 314 3548 est
337 3503 419 3565 quae
442 3483 541 3548 ulxsit
563 3502 689 3567 semper
709 3479 713 3566 Ι
733 3489 847 3547 natura
871 3481 982 3567 proba.
