2644 3884
609 176 699 217 IAMBI

363 324 417 407 qui
439 329 541 390 morte
565 325 683 390 acerba
706 329 815 409 raptus
838 330 896 406 est,

362 432 426 497 iam
450 431 565 497 doctus
587 432 620 495 in
644 429 835 516 compendia

364 545 411 604 tot
434 539 597 605 literarum
621 544 654 604 et
676 539 838 603 nominum

361 653 473 711 notare
496 647 635 712 currenti
658 645 741 727 stilo,
825 636 828 643 ’

325 778 351 818 rs
362 760 439 836 quot
461 754 572 836 lingua
596 772 726 817 currens
750 751 881 817 diceret.

362 860 426 924 iam
450 879 542 923 nemo
565 864 731 943 superaret
754 858 874 942 legens,

362 966 426 1030 iam
449 985 529 1030 uoce
553 965 622 1030 erili
646 971 797 1050 coeperat

363 1070 406 1137 ad
428 1092 521 1137 omne
545 1070 700 1137 dictatum
723 1072 836 1138 uolans

362 1198 471 1244 aurem
494 1179 604 1244 uocari
627 1179 670 1244 ad
694 1181 882 1264 proximam.

325 1285 422 1351 mheu
446 1292 548 1351 morte
571 1306 709 1371 propera
733 1285 884 1369 concidit,

362 1413 481 1457 arcana
504 1394 558 1474 qui
581 1394 667 1458 solus
690 1393 738 1457 sui

362 1499 498 1564 sciturus
522 1498 643 1565 domini
665 1499 735 1564 fuit.

218 1676 388 1731 Brambach
401 1678 490 1730 inser.
501 1677 595 1730 Rhea.
606 1677 666 1741 323,
687 1675 777 1731 Orelli
790 1675 869 1730 2876.
891 1674 953 1729 AL.
967 1676 1081 1745 Meyeri
1092 1677 1163 1731 1268

255 1747 399 1802 Coloniae
419 1748 562 1802 effossum
580 1749 678 1816 periit.
712 1748 900 1816 prooemium
924 1763 1004 1816 quae
1023 1749 1162 1817 sequitur

146 1820 292 1885 narratio,
317 1820 476 1873 exorditur
499 1834 517 1872 a
541 1820 691 1888 glyconeo
715 1819 845 1873 uersuti
869 1820 954 1873 etin
977 1819 1161 1889 glyconeum

148 1891 259 1945 desinit
271 1890 306 1943 22
325 1890 472 1958 (Conrado
485 1890 502 1943 l.
517 1906 539 1944 s.
559 1907 586 1960 p.
603 1891 656 1954 17).
684 1905 785 1959 noque
804 1892 836 1943 iu
856 1891 1098 1960 orthographicis
1118 1906 1163 1945 sa-

146 1964 186 2017 tis
199 1962 269 2016 fidei
282 1977 377 2032 penes
391 1966 531 2016 auctores
545 1967 590 2016 est
604 1962 633 2024 (4
647 1961 862 2016 lachrimanda
874 1961 925 2016 uel
937 1963 1163 2032 lachrymando

148 2033 287 2100 traditur,
316 2034 351 2087 10
369 2031 511 2098 Xantiae,
541 2033 574 2097 11
593 2031 693 2097 herili)
717 2039 747 2087 et
770 2033 830 2086 alia
852 2035 955 2088 nescio
984 2049 1024 2086 an
1052 2049 1162 2103 parum

146 2109 294 2159 accurate
313 2109 442 2174 excepta
461 2106 520 2157 siut
539 2120 578 2158 ex
598 2104 699 2173 lapide
717 2105 826 2158 detrito

219 2175 237 2229 8
256 2173 338 2229 acris
349 2175 517 2230 Crombach
526 2190 610 2230 uere
630 2177 746 2244 opinor,
765 2191 866 2243 neque
880 2191 957 2245 opus
970 2180 1016 2229 cst
1029 2190 1065 2229 eo
1080 2175 1167 2248 quodv

150 2246 220 2301 olim
239 2247 385 2316 proposui
403 2244 499 2300 auris.
532 2261 603 2299 narn
622 2248 748 2316 periisse
767 2250 852 2316 patet
870 2262 933 2300 nou
959 2261 1075 2315 paucos
1094 2252 1162 2316 post

147 2319 292 2372 Suersus
311 2324 489 2372 enarrantes
508 2316 624 2372 Sidonii
648 2319 793 2372 uirtutem
819 2319 972 2383 musicam,
1002 2317 1058 2371 etsi
1082 2318 1162 2371 testi-

147 2390 283 2442 mouium
308 2389 346 2442 de
370 2388 480 2443 lacuna
503 2404 592 2444 nemo
618 2389 703 2442 dixit.
741 2391 840 2459 potuit
864 2386 946 2442 acris
964 2390 1163 2457 perstrepens

147 2475 239 2514 sonos
258 2461 402 2514 tnbarnrn
420 2462 448 2514 et
466 2476 615 2514 cornnnrn
632 2459 742 2515 tibicen
760 2459 795 2514 in
813 2458 880 2514 nita
897 2458 949 2528 fni
1047 2459 1112 2513 9ss.
1131 2461 1162 2512 in

148 2531 245 2584 altera
264 2536 351 2599 parte
368 2533 529 2601 inscriptos
549 2533 635 2586 aiunt
755 2533 789 2585 14
806 2533 912 2584 notare
932 2530 1071 2585 absolute
1090 2536 1163 2585 tam-

149 2617 239 2670 quam
259 2607 348 2655 notas
367 2604 478 2669 facere,
497 2605 634 2657 notarius
655 2617 721 2656 esse
740 2601 810 2657 stilo
825 2600 961 2656 currenti
979 2600 1014 2655 in
1026 2617 1163 2670 compen·

148 2670 211 2726 dia.
240 2673 277 2726 cl.
291 2672 390 2726 Manil.
404 2673 444 2727 IV
458 2675 510 2728 197
528 2673 613 2728 Mart.
626 2673 696 2727 XIV
709 2674 762 2727 208
780 2673 895 2727 Auson.
910 2688 956 2743 ep.
972 2672 1023 2727 146
1035 2672 1100 2744 Bip.

148 2744 184 2797 18
202 2742 350 2803 dictatura
368 2749 402 2798 ut
421 2745 551 2814 epistula
569 2747 680 2799 notans
699 2745 742 2798 ad
759 2759 866 2799 aurem
879 2742 1060 2812 proximam
1077 2746 1096 2798 i.
1111 2745 1162 2799 ho·

147 2816 236 2868 minis
257 2817 393 2895 proximi,
413 2817 569 2870 familiaris
588 2817 684 2870 intimi
825 2816 860 2869 22
878 2817 958 2871 inter
977 2815 1112 2870 scitnrns
1132 2820 1162 2869 et

148 2883 267 2940 dominc
285 2887 497 2955 interpositum
510 2889 607 2941 fertur
626 2889 748 2957 signum
762 2888 869 2953 crucio,
889 2888 1018 2941 incisum
1031 2888 1161 2941 fortasse

149 2972 167 3009 a
187 2957 365 3022 christianis,
385 2959 443 3012 fnit
462 2960 542 3012 enim
561 2960 636 3029 lapis
656 2958 695 3011 ad
710 2957 738 3013 S.
749 2958 885 3025 Vrsulae‚
904 2959 1011 3027 utique
1029 2957 1163 3012 alienum

151 3043 171 3081 a
190 3042 323 3083 carmmc

626 3121 692 3186 220
777 3123 782 3133 “

364 3244 496 3310 Genitor
518 3246 673 3311 Iunonem
697 3244 829 3310 dedicat

362 3351 499 3435 Alteque
523 3352 697 3437 Pompeiae
720 3352 816 3417 locat.

364 3458 529 3524 Louamen
552 3458 614 3525 hoc
637 3457 802 3525 doloribus

363 3564 586 3650 Lacrimisque
608 3586 742 3651 pausam
766 3564 915 3632 credidit.
