2648 3886
176 152 230 207 272
615 164 754 206 oneum

177 315 245 378 uita
267 313 329 378 fuit
351 314 401 379 bis
424 320 532 378 ternos
554 332 680 378 menses
704 318 736 378 et
759 311 890 396 insuper
912 332 993 378 nnus

152 426 208 485 set
231 418 367 486 totidem
390 422 475 502 anni,
499 439 560 485 nec
582 421 654 504 plus
676 418 748 483 fuit.
783 417 864 484 hora
887 438 1059 503 supprema

176 527 255 592 ferst
278 527 384 591 animo
408 532 525 592 sortem
550 524 704 611 [placi]do
729 525 836 609 [quarn
859 524 950 609 uo]ta
972 526 1128 591 ferebant.

248 666 320 723 CIL.
334 668 404 723 XIV
418 668 486 723 1821
507 669 602 723 descr.
619 666 739 722 Dessan
829 666 931 722 Ostiae
950 669 982 720 in
1000 667 1195 738 sarcophago

175 739 282 793 litteris
301 744 517 809 praeterquam
535 740 567 793 in
584 741 710 808 fastigio
729 743 759 793 et
778 739 845 793 basi
864 739 996 792 exilibus

247 811 263 863 1
283 811 315 864 in
334 812 491 880 superiore
510 816 597 880 parte
622 811 734 880 legitur
759 810 928 864 disiunctus
946 824 965 862 a
984 810 1194 878 sequentibus.

175 881 266 950 uolpo
286 882 325 935 ab
343 882 430 936 initio
449 882 506 936 fnit
525 897 565 935 an
584 883 679 950 patris
703 880 827 935 aliudue
846 881 934 950 pueri
952 881 1139 935 uocabulum
1157 887 1193 935 ut

175 951 297 1022 saepo?
316 953 412 1007 uerbo
429 954 552 1022 utrique
569 967 679 1007 nomen
694 967 854 1006 commune
926 953 1005 1006 inter
1024 967 1066 1021 qa
1085 957 1115 1006 et
1133 966 1196 1005 ere·

176 1024 228 1077 bat
245 1024 346 1078 hiatus
362 1023 515 1079 indicatur
534 1024 622 1093 quasi
642 1024 778 1092 quinque
796 1023 973 1089 litterarum,
988 1038 1070 1092 puer
1087 1021 1148 1077 m?

212 1093 229 1147 2
248 1092 436 1164 smaragdus
460 1094 628 1149 secundum
652 1095 934 1163 interpretationem
952 1093 1099 1148 Viscontii
1122 1109 1193 1148 ann.

175 1166 244 1220 inst.
265 1167 345 1220 arch.
367 1166 436 1221 1857
455 1183 484 1236 p.
499 1166 553 1220 340
678 1165 696 1219 3
715 1165 820 1220 debuit
839 1163 897 1220 cito
915 1180 999 1220 mora
1016 1162 1124 1233 rapuit

211 1237 229 1291 5
247 1237 324 1291 born
344 1252 368 1291 a.
387 1253 450 1292 non
469 1238 621 1291 ablatiuos
642 1242 715 1306 puto
735 1236 789 1291 sed
802 1252 871 1292 cum
891 1237 1088 1304 sequentibus
1102 1251 1193 1305 copu-

175 1307 284 1362 landos
303 1309 508 1363 nominatiuos
626 1307 643 1361 6
662 1308 818 1362 dubitasse
837 1308 967 1377 scriptor
985 1306 1109 1362 uidetur
1125 1308 1195 1377 fers

176 1395 217 1433 an
234 1379 298 1448 fert
318 1380 465 1434 scriberet
554 1384 622 1448 post
638 1381 750 1433 sortem
769 1384 871 1433 cetera
889 1379 922 1432 in
940 1384 1027 1448 parte
1046 1379 1194 1433 inferiore

174 1452 315 1504 seiuncta
333 1450 486 1520 leguntur,
511 1451 589 1504 ...do
608 1449 789 1517 Vincentius,
815 1451 917 1519 potius
941 1449 977 1504 de
996 1449 1116 1503 Dessan
1142 1465 1192 1503 ex-

177 1522 297 1589 scripsit
315 1525 349 1574 ut
369 1522 502 1575 conicias
519 1521 582 1590 fert
598 1537 626 1575 α.
646 1522 765 1587 sortem,
785 1519 965 1590 Smarapde.
995 1520 1105 1574 deinde
1118 1523 1193 1574 uota

176 1607 216 1644 au
233 1590 324 1659 fata?
352 1606 463 1647 uereor
481 1607 521 1646 ne
540 1593 721 1647 christianus
740 1594 779 1648 sit
798 1593 903 1646 titulus

648 1736 714 1801 564

233 1909 240 1923 .
288 1910 295 1924 .
343 1881 394 1924 an.
418 1860 450 1924 X
474 1860 612 1926 Procula
635 1861 789 1925 tumulum
838 1910 845 1924 .
894 1910 901 1924 .
950 1910 957 1925 .

178 1986 279 2032 annos
302 1987 364 2050 que
387 1966 469 2032 uixit
491 1968 541 2033 bis
565 1965 665 2033 denos
712 2015 943 2032 .....

180 2123 187 2136 .
235 2123 243 2138 .
291 2123 298 2137 .
347 2123 353 2138 .
402 2093 484 2155 quae
507 2072 615 2139 adhuc
638 2072 744 2139 infans
791 2123 799 2139 .
847 2123 855 2138 .
903 2122 909 2135 .
959 2123 966 2137 .

180 2229 187 2243 .
235 2229 243 2245 .
291 2230 298 2245 .
345 2180 458 2245 umbra
481 2181 589 2264 rapuit
611 2201 697 2246 mors
720 2200 805 2246 nunc
828 2181 975 2264 quibus.
1024 2230 1031 2245 .

153 2311 185 2351 s.
234 2336 241 2351 .
290 2336 297 2351 .
344 2287 408 2351 lum
432 2285 581 2370 genetrix
604 2288 778 2372 genetricis
800 2287 947 2371 maes[t.
996 2336 1003 2351 .
1045 2283 1059 2351 '.

178 2443 186 2458 .
234 2444 241 2458 .
265 2393 387 2478 iniq]ua
409 2394 479 2459 fata
502 2392 613 2459 dolens
636 2394 724 2459 luctu
747 2414 842 2478 raper
854 2414 1000 2477 aequom.

248 2534 395 2589 Murator·i
414 2535 488 2590 thes.
509 2534 587 2602 1206,
608 2536 623 2587 1
644 2550 662 2587 a
680 2534 849 2602 Ficoronio,
872 2534 1003 2590 schedae
1020 2534 1157 2588 Henzeni

216 2605 339 2660 Romae.
367 2607 575 2674 sequebantur
594 2607 699 2676 graeci
715 2621 824 2660 uersus
841 2607 932 2661 etiarn
951 2606 1037 2675 peius
1055 2606 1197 2674 mutilati,

177 2677 209 2730 in
231 2675 343 2745 quibus
355 2676 488 2743 Πρόκλης
507 2679 594 2744 κούρη
615 2677 713 2743 ἀταλή,
734 2677 835 2745 μήτηρ,
854 2678 970 2740 τέκνοις.
1001 2676 1143 2730 lacunam
1160 2677 1195 2730 in

176 2747 238 2801 fine
257 2762 287 2800 u.
306 2747 325 2800 4
343 2746 528 2802 Muratorins
552 2748 665 2801 nullam
690 2748 792 2815 edidit,
815 2750 847 2801 in
867 2749 1015 2818 principio
1038 2762 1068 2801 u.
1087 2747 1105 2800 2
1124 2762 1194 2801 ean·

178 2818 246 2873 dem
268 2833 329 2887 qua
347 2822 408 2873 tres
428 2821 556 2873 extremi
574 2834 683 2873 uersus
703 2819 815 2873 adfecti
834 2824 913 2874 sunt.
941 2834 981 2874 ne
998 2823 1117 2872 tantum
1130 2820 1197 2887 qui-

180 2889 247 2944 dem
267 2894 387 2944 constat
405 2889 513 2960 lapidis
526 2891 666 2945 uersibus
679 2905 768 2945 senos
782 2891 924 2945 carminis
937 2889 1030 2959 pedes
1045 2890 1197 2944 contineri

249 2960 267 3013 4
285 2960 365 3014 hone
385 2961 481 3015 codex
502 2976 563 3030 quo
573 2961 737 3016 Hennenus
749 2976 824 3015 usus
844 2967 897 3016 est.
929 2961 1062 3015 conicias
1081 2958 1196 3030 quitos

174 3047 272 3086 unam
291 3033 372 3086 tunc
391 3030 515 3087 titulum
531 3049 560 3102 p.
570 3049 598 3102 9.
611 3034 728 3087 moesta
740 3031 861 3087 notauit
961 3032 978 3084 6
991 3031 1097 3085 dolens
1110 3031 1197 3085 lactu

175 3118 399 3173 roperoequom
413 3103 492 3156 idem
506 3103 612 3171 codex,
632 3104 744 3158 docens
766 3105 849 3158 tuctu
871 3117 981 3172 rapere
1005 3117 1097 3172 quom
1115 3100 1195 3156 Mur.

176 3181 265 3244 putes
284 3175 486 3242 nolle-rapere
506 3190 635 3244 aequom

650 3317 717 3383 565

173 3438 201 3505 0
225 3438 325 3515 dolor,
349 3448 490 3524 quantae
513 3440 688 3507 lachrimae
711 3440 818 3508 fecere
841 3441 1044 3527 sepulchmm

172 3545 231 3610 Iul.
256 3545 410 3630 Lucinae,
435 3567 496 3630 que
519 3547 621 3613 nicxit
643 3548 815 3615 karissima
839 3549 945 3614 matri.
