2644 3884
597 160 724 201 snuunir
1131 146 1166 200 81

150 308 309 364 ditamenti
328 307 396 360 talis
414 306 487 361 bene
506 304 655 376 quiescas,
686 306 840 359 senarium
860 320 927 359 esse
947 305 1085 360 dixeram
1104 321 1167 362 mu-

151 383 196 435 sei
214 380 298 437 rhen.
311 378 347 433 27
366 395 395 448 p.
410 378 462 431 132
480 377 704 458 gemellumque
719 377 840 430 titulum
849 375 1080 432 Narbonensem
1094 377 1165 432 CIL.

151 451 210 506 XII
227 450 299 505 4938
317 450 422 519 Laqqc
439 448 494 517 file,
517 449 589 502 bene
609 463 767 518 quiescas:
792 449 890 501 mater
907 449 962 502 tua
980 450 1070 519 φοραί
1087 451 1114 502 te
1132 450 1167 502 ut

150 538 198 576 me
217 522 260 576 act
278 522 306 574 te
321 518 464 589 recipiar,
482 521 553 574 aule
566 521 598 573 in
611 535 672 588 quo
685 520 856 573 iamborum
870 520 1100 576 continuitatem
1113 522 1168 574 tua

150 594 264 662 rumpit
284 592 437 646 adiectum
455 592 602 645 inutiliter

631 770 703 837 152·

151 895 255 961 Mater
278 899 514 960 monumentum
538 894 616 959 feeit
638 913 785 959 maerens
808 894 888 978 filio,

151 1022 193 1066 cx
218 1022 279 1083 quo
303 1000 382 1065 nihil
404 1020 544 1083 unquam
568 999 671 1066 doluit
692 1001 761 1065 nise
785 1020 857 1065 oum
880 1002 908 1066 is
930 1021 993 1066 non
1017 1001 1089 1066 fuit.

225 1177 297 1232 CIL.
316 1177 343 1231 V
360 1177 440 1243 4113,
461 1176 510 1231 Or.
528 1176 599 1230 4609
730 1176 898 1232 Cremonae
917 1178 949 1230 in
967 1179 1043 1231 basi.
1075 1179 1167 1231 iambi

153 1250 272 1318 antiqui
290 1250 443 1319 incompti,
463 1249 546 1317 prior
565 1261 674 1301 uersus
694 1249 942 1302 adnominatione
962 1254 1088 1303 ornatus

632 1427 695 1492 153

152 1557 390 1621 Monumentum
413 1571 558 1617 maerens
580 1559 683 1617 mater
705 1551 784 1617 feeit
806 1552 926 1635 icilius,

153 1682 237 1745 quae
260 1679 422 1742 nunquam
446 1658 540 1723 laesit
562 1658 709 1741 matre[m

226 1836 298 1892 CIL.
318 1835 361 1890 IX
377 1835 456 1900 5629,
475 1851 538 1889 non
556 1839 641 1888 extat
776 1836 808 1888 in
827 1850 903 1904 agro
924 1832 1168 1904 Septempedano

152 1910 258 1964 Piceni
357 1908 546 1977 praescripta
565 1907 721 1974 perierunt
741 1911 870 1975 excepto
890 1921 952 1960 uno
972 1907 1068 1960 uerbo
1087 1903 1170 1959 uiuit

225 1981 242 2033 2
260 1981 337 2049 lapis
356 1994 419 2033 non
436 1978 559 2031 uidetur
579 1977 646 2045 plus
665 1977 832 2030 litterarum
851 1978 1002 2031 habuisse.
1032 1976 1071 2031 ad
1084 1992 1169 2031 seua·

152 2053 232 2105 rium
252 2051 337 2105 deest
357 2064 474 2103 comma
493 2049 553 2102 talo
572 2049 647 2101 dam
664 2045 699 2102 ia
716 2045 801 2102 uiuis
819 2046 884 2117 fuit

632 2227 696 2291 154

153 2349 275 2419 Dolens
290 2360 330 2419 ,et
353 2372 499 2417 maerens
521 2351 614 2417 filicis
637 2351 715 2416 feeit
738 2353 834 2417 sucis.

226 2529 338 2584 Gruter
356 2529 416 2596 674,
437 2529 470 2581 11
571 2528 691 2581 Pisauri
801 2527 1021 2596 praescriptum
1043 2525 1169 2596 Calpur·

153 2599 209 2654 aia
230 2600 259 2655 Ο.
276 2600 301 2670 f.
320 2598 461 2654 Maxima
478 2601 583 2654 mater.
616 2614 740 2668 operam
759 2597 892 2652 deditam
912 2599 1039 2651 carmini
1058 2599 1090 2651 in
1108 2598 1169 2652 fine

155 2672 346 2727 conlocatum
366 2669 448 2725 sucas
467 2672 577 2741 probat
684 2684 803 2724 mareas
822 2667 935 2723 Gruter

632 2848 695 2913 155

154 2991 321 3075 quaesibi
345 2989 488 3062 dolorem
511 2990 622 3075 iripuit
645 2996 677 3054 et
699 2991 794 3054 matri
818 2987 909 3053 dedit

154 3099 285 3163 nimium
308 3116 483 3183 properans
507 3095 549 3160 ad
572 3095 703 3160 fratrem
726 3095 961 3161 Philostereum
985 3115 1085 3161 suom.

227 3273 299 3329 CIL.
312 3273 353 3328 VI
365 3272 454 3327 22804
469 3273 564 3327 deser.
575 3273 698 3342 Herzog
799 3273 830 3325 in
851 3286 955 3326 museo
970 3271 1168 3327 Kircheriano

304 3343 460 3414 praecedit
479 3344 613 3414 Myrtale
631 3341 714 3398 aiecii
732 3343 831 3397 annos
850 3343 899 3395 IX
1183 3354 1188 3364 ’

227 3417 242 3470 1
261 3418 304 3470 ita
325 3431 456 3469 marmor
474 3431 529 3485 pro
549 3413 665 3484 eripuit
796 3413 814 3467 2
833 3417 933 3483 potest
952 3413 1107 3468 emendari
1126 3415 1170 3468 sic

153 3489 213 3541 heu
230 3485 363 3542 nimium
377 3501 554 3556 properans
570 3484 649 3555 fatis
669 3485 711 3539 act
727 3484 860 3554 fratrem
873 3499 968 3539 suom.
997 3499 1109 3539 nomen
1122 3489 1168 3539 est

154 3557 383 3628 Philosteryum
400 3558 626 3627 Philostorgum

208 3645 312 3689 anthol.
327 3645 371 3691 lat.
385 3646 410 3689 11
992 3646 1010 3699 6
