2646 3884
589 184 717 226 causan
1125 167 1161 223 25

216 326 329 381 ibidem
350 328 419 383 1820
439 327 517 397 cute,
537 332 606 399 opto
625 328 682 385 tibi
701 332 736 384 ut
753 329 900 401 refricant
919 345 951 384 oc
967 329 1050 399 ficus
1068 330 1148 396 tuac,

437 402 472 455 ut
487 402 576 469 pctus
595 402 769 456 ariolantur
807 418 881 457 uam
899 401 1052 455 calciatae
1071 403 1145 454 aunt

143 483 199 538 pro
219 471 347 523 senariis
366 470 545 527 Ritschelius
565 472 656 527 habet
675 472 779 527 PLME
829 472 883 528 VII
901 472 935 526 27
955 487 1054 527 enarr.
1074 488 1102 541 p.
1121 471 1157 526 32

142 540 407 666 οοττίριίοὸᾳεξιαὲζπο
424 543 456 597 in
475 543 595 612 plebeia
614 544 838 599 uersiilcatioue
862 543 1040 610 concedens,
1067 544 1158 598 corri-

143 624 222 679 gens
251 625 263 664 c
282 627 294 665 c
347 628 359 666 a

630 741 671 805 51

142 858 303 937 Quoniam
325 861 386 927 fuit
409 863 559 930 uoluntas
578 860 584 952 Ι
605 864 704 930 animi
727 871 759 931 et
783 865 935 950 corporis,

143 973 234 1031 satur
254 964 258 1053 Ι
278 967 405 1052 nitc[r]c
452 1020 460 1035 .
508 1020 516 1035 .

215 1143 333 1200 Notiaie
353 1146 380 1199 d.
399 1148 484 1201 scavi
504 1148 572 1203 1891
613 1148 694 1215 263,
714 1152 783 1202 acta
802 1150 870 1203 inst.
886 1148 967 1202 arch.
981 1146 1065 1201 Rom.
1086 1145 1156 1201 1892

144 1230 173 1284 p.
192 1213 228 1268 24
251 1214 345 1271 descr.
366 1215 510 1287 Sogliano
535 1223 565 1274 et
617 1234 658 1273 au
825 1219 965 1288 Pompeis
989 1219 1021 1271 in
1041 1218 1158 1287 pariete

143 1286 302 1341 interiecto
323 1289 403 1342 inter
422 1289 499 1345 duas
524 1291 661 1359 portulas
679 1290 786 1345 litteris
804 1292 935 1344 minutis.
972 1293 1006 1344 ut
1024 1290 1065 1356 fit,
1091 1303 1159 1344 coe-

144 1362 232 1426 perat
250 1358 360 1427 aliquis
380 1375 474 1430 agere
492 1365 615 1431 poetam
633 1363 666 1415 in
683 1377 806 1417 recessu

216 1429 295 1484 2sic
312 1430 432 1485 Meuius
459 1433 672 1502 imperatiuum
701 1434 888 1503 intellegens,
915 1436 969 1487 aut
995 1429 1091 1486 nitere
1115 1431 1158 1484 in-

144 1500 291 1569 scriptum
303 1516 369 1556 esse
380 1507 432 1556 aut
441 1502 504 1557 nite
516 1508 632 1558 mutato
643 1506 732 1560 uerbi
744 1519 866 1575 genere,
881 1505 1000 1559 conlato
1011 1502 1158 1559 Suetonio

145 1568 233 1639 Vesp.
252 1571 288 1625 20
313 1573 400 1627 uoltu
427 1575 511 1628 uelut
537 1573 678 1629 nitentis:
706 1576 815 1630 iambis
844 1577 982 1629 futurum
1002 1572 1156 1628 conuenit.

143 1643 234 1695 satu.
249 1682 276 1697 ..
297 1659 333 1698 ac
351 1649 420 1714 post
440 1647 527 1714 quasi
546 1662 608 1700 non
628 1651 745 1702 certum
764 1644 873 1701 ..dictio
892 1646 1037 1715 Sogliano

598 1774 706 1782 ι,-

630 1895 674 1962 52

145 2017 282 2102 Hospes,
306 2018 392 2100 quod
415 2002 519 2103 deico,
544 2021 685 2106 paullum
709 2027 769 2105 est,
792 2026 865 2086 usta
887 2038 927 2085 ac
950 2019 1086 2103 pellege.

144 2123 219 2189 heic
242 2131 290 2190 est
312 2127 492 2211 sepulcrum
515 2127 580 2192 hau
603 2129 746 2214 pulcrum
770 2126 895 2212 pulcrai
918 2125 1067 2192 feminae.

146 2251 261 2296 nomen
283 2239 433 2316 parentes
456 2234 658 2300 nominarunt
682 2234 860 2301 Claudiam.

146 2356 236 2403 suom
258 2339 426 2404 mareitum
450 2340 548 2407 corde
571 2340 703 2406 deilexit
726 2361 814 2408 souo.

120 2450 261 2528 agnatos
284 2444 365 2511 duos
389 2447 522 2513 creauit.
554 2448 678 2513 horunc
700 2448 835 2513 alterum

145 2553 179 2616 in
201 2559 288 2618 terra
310 2553 434 2638 linquit,
459 2555 555 2619 alium
579 2555 637 2620 sub
662 2560 748 2619 terra
771 2553 867 2619 locat.

145 2678 292 2725 sermone
314 2659 433 2745 lepido,
456 2668 525 2726 tum
548 2667 654 2726 autom
677 2662 804 2727 incessu
827 2657 1004 2725 commodo.

144 2765 275 2831 domum
298 2768 449 2832 seruauit.
495 2767 601 2832 lanam
624 2767 710 2833 fecit.
757 2766 837 2832 dini.
869 2765 953 2832 abel.

217 2942 289 2998 CIL.
308 2944 322 2997 I
342 2943 411 2998 1007
430 2960 458 3013 p.
472 2944 524 2999 218
543 2943 685 2999 VI15346
704 2959 743 2998 ex
762 2944 890 2999 schedis.
915 2941 1157 2996 AL.Burmanni

145 3014 187 3070 IV
206 3013 265 3081 147,
284 3014 399 3084 Meyeri
419 3015 489 3070 1276
618 3015 741 3070 Romae.
770 3030 892 3070 carmen
912 3014 1039 3082 simplici
1056 3013 1157 3067 breui·

144 3091 209 3141 tato
227 3088 426 3167 conspicuum
445 3087 553 3141 aetatis
573 3087 637 3142 fere
657 3086 856 3141 Gracchanae

200 3156 215 3210 1
230 3158 344 3227 pcllcpe
357 3156 514 3213 iucundus
633 3158 650 3212 6
669 3158 780 3212 uitauit
798 3158 927 3226 scriptor
946 3156 1068 3209 altrum.
1096 3169 1155 3223 par

145 3228 217 3282 huic
236 3229 408 3298 exemplum
427 3229 510 3282 haud
528 3229 618 3283 facile
637 3230 792 3283 inueneris
811 3227 894 3297 apud
913 3227 1063 3295 antiquos,
1082 3241 1154 3279 nam

145 3299 291 3354 differunt
309 3300 382 3354 talia
402 3314 440 3354 coc
458 3299 520 3354 clio
538 3302 653 3354 terram
670 3301 770 3354 statuo
788 3296 902 3367 eoccipit
919 3298 997 3351 alter
1020 3296 1152 3361 (Lucret.

145 3369 172 3424 V
184 3370 290 3425 83217
303 3371 366 3439 686)
475 3371 491 3425 7
510 3371 686 3426 duriuscule
705 3372 735 3424 hi
749 3370 875 3424 ablatiui
894 3369 984 3439 positi
1003 3369 1047 3421 sic
1065 3370 1155 3437 quasi

143 3456 269 3496 uersum
287 3441 305 3495 2
324 3443 508 3512 exciperent.
528 3442 720 3497 commodum
747 3442 879 3510 antiquis
908 3439 1018 3493 dicitur
1043 3454 1153 3494 conue-

144 3514 241 3577 niens,
261 3513 406 3567 decorum
425 3513 532 3577 (Plaut.
542 3520 628 3567 most.
639 3513 693 3567 254
705 3512 773 3568 Ter.
788 3513 869 3565 haut.
883 3510 947 3574 521)
1049 3510 1066 3564 8
1085 3507 1155 3563 duci

144 3589 248 3638 erecta
266 3583 393 3654 ipriore
413 3585 625 3654 apographum
644 3599 748 3651 uuum,
767 3583 844 3637 falso
865 3583 974 3651 opinor
