<?xml version="1.0" encoding="UTF-8"?>
<!DOCTYPE html PUBLIC "-//W3C//DTD XHTML 1.0 Transitional//EN"
    "http://www.w3.org/TR/xhtml1/DTD/xhtml1-transitional.dtd">
<html xmlns="http://www.w3.org/1999/xhtml" xml:lang="en" lang="en">
 <head>
  <title>
</title>
<meta http-equiv="Content-Type" content="text/html;charset=utf-8" />
  <meta name='ocr-system' content='tesseract 3.04.00' />
  <meta name='ocr-capabilities' content='ocr_page ocr_carea ocr_par ocr_line ocrx_word'/>
</head>
<body>
  <div class='ocr_page' id='page_1' title='image "./anthologialatin00lommgoog_0198.png"; bbox 0 0 2644 3884; ppageno 0'>
   <div class='ocr_carea' id='block_1_1' title="bbox 587 187 775 228">
    <p class='ocr_par' dir='ltr' id='par_1_1' title="bbox 587 187 775 228">
     <span class='ocr_line' id='line_1_1' title="bbox 587 187 775 228; baseline 0.005 -2"><span class='ocrx_word' id='word_1_1' title='bbox 587 187 775 228; x_wconf 71' lang='lat' dir='ltr'>Hrrxsmm&#39;rm</span> 
     </span>
    </p>
   </div>
   <div class='ocr_carea' id='block_1_2' title="bbox 136 327 1044 1490">
    <p class='ocr_par' dir='ltr' id='par_1_2' title="bbox 137 327 1044 724">
     <span class='ocr_line' id='line_1_2' title="bbox 137 327 925 421; baseline 0 -19"><span class='ocrx_word' id='word_1_2' title='bbox 137 327 141 335; x_wconf 76' lang='grc'><strong>’</strong></span> <span class='ocrx_word' id='word_1_3' title='bbox 174 336 380 421; x_wconf 81' lang='lat' dir='ltr'>insignesque</span> <span class='ocrx_word' id='word_1_4' title='bbox 403 334 580 420; x_wconf 88' lang='lat' dir='ltr'>triumphos</span> <span class='ocrx_word' id='word_1_5' title='bbox 602 336 769 421; x_wconf 82' lang='lat' dir='ltr'>relligione</span> <span class='ocrx_word' id='word_1_6' title='bbox 793 337 925 420; x_wconf 84' lang='lat' dir='ltr'>dicauit,</span> 
     </span>
     <span class='ocr_line' id='line_1_3' title="bbox 174 443 1044 528; baseline 0.001 -20"><span class='ocrx_word' id='word_1_7' title='bbox 174 451 210 509; x_wconf 91' lang='lat' dir='ltr'>ut</span> <span class='ocrx_word' id='word_1_8' title='bbox 233 463 327 526; x_wconf 89' lang='lat' dir='ltr'>quem</span> <span class='ocrx_word' id='word_1_9' title='bbox 350 443 437 508; x_wconf 87' lang='lat' dir='ltr'>fama</span> <span class='ocrx_word' id='word_1_10' title='bbox 460 443 561 508; x_wconf 85' lang='lat' dir='ltr'>dabat</span> <span class='ocrx_word' id='word_1_11' title='bbox 585 444 679 508; x_wconf 93' lang='lat' dir='ltr'>rebus</span> <span class='ocrx_word' id='word_1_12' title='bbox 702 450 868 528; x_wconf 86' lang='lat' dir='ltr'>superaret</span> <span class='ocrx_word' id='word_1_13' title='bbox 891 444 1044 511; x_wconf 86' lang='lat' dir='ltr'>honorem</span> 
     </span>
     <span class='ocr_line' id='line_1_4' title="bbox 175 549 939 636; baseline 0 -21"><span class='ocrx_word' id='word_1_14' title='bbox 175 557 208 615; x_wconf 93' lang='lat' dir='ltr'>et</span> <span class='ocrx_word' id='word_1_15' title='bbox 230 551 330 614; x_wconf 88' lang='lat' dir='ltr'>uitam</span> <span class='ocrx_word' id='word_1_16' title='bbox 354 549 450 615; x_wconf 81' lang='lat' dir='ltr'>saetis</span> <span class='ocrx_word' id='word_1_17' title='bbox 472 557 582 635; x_wconf 91' lang='lat' dir='ltr'>posset</span> <span class='ocrx_word' id='word_1_18' title='bbox 605 570 734 635; x_wconf 83' lang='lat' dir='ltr'>sperare</span> <span class='ocrx_word' id='word_1_19' title='bbox 757 571 939 636; x_wconf 82' lang='lat' dir='ltr'>perennem.</span> 
     </span>
     <span class='ocr_line' id='line_1_5' title="bbox 176 656 965 724; baseline 0.003 -2"><span class='ocrx_word' id='word_1_20' title='bbox 176 659 322 723; x_wconf 90' lang='lat' dir='ltr'>conscius</span> <span class='ocrx_word' id='word_1_21' title='bbox 345 656 399 722; x_wconf 92' lang='lat' dir='ltr'>hic</span> <span class='ocrx_word' id='word_1_22' title='bbox 421 663 533 722; x_wconf 89' lang='lat' dir='ltr'>sancto</span> <span class='ocrx_word' id='word_1_23' title='bbox 557 658 717 723; x_wconf 87' lang='lat' dir='ltr'>manantis</span> <span class='ocrx_word' id='word_1_24' title='bbox 740 658 828 724; x_wconf 86' lang='lat' dir='ltr'>fonte</span> <span class='ocrx_word' id='word_1_25' title='bbox 852 660 965 724; x_wconf 88' lang='lat' dir='ltr'>salutis</span> 
     </span>
    </p>

    <p class='ocr_par' dir='ltr' id='par_1_3' title="bbox 136 763 1032 1277">
     <span class='ocr_line' id='line_1_6' title="bbox 136 763 999 850; baseline 0.001 -20"><span class='ocrx_word' id='word_1_26' title='bbox 136 780 163 819; x_wconf 85' lang='lat'>10</span> <span class='ocrx_word' id='word_1_27' title='bbox 174 763 283 830; x_wconf 87' lang='lat' dir='ltr'>sedem</span> <span class='ocrx_word' id='word_1_28' title='bbox 306 765 454 829; x_wconf 88' lang='lat' dir='ltr'>uiuacem</span> <span class='ocrx_word' id='word_1_29' title='bbox 475 765 674 830; x_wconf 82' lang='lat' dir='ltr'>moribundis</span> <span class='ocrx_word' id='word_1_30' title='bbox 696 785 815 850; x_wconf 91' lang='lat' dir='ltr'>ponere</span> <span class='ocrx_word' id='word_1_31' title='bbox 839 766 999 849; x_wconf 87' lang='lat' dir='ltr'>membris,</span> 
     </span>
     <span class='ocr_line' id='line_1_7' title="bbox 175 870 981 956; baseline 0.004 -20"><span class='ocrx_word' id='word_1_32' title='bbox 175 872 317 956; x_wconf 87' lang='lat' dir='ltr'>corporis</span> <span class='ocrx_word' id='word_1_33' title='bbox 339 870 523 956; x_wconf 81' lang='lat' dir='ltr'>hospitium,</span> <span class='ocrx_word' id='word_1_34' title='bbox 548 872 651 936; x_wconf 83' lang='lat' dir='ltr'>laetus</span> <span class='ocrx_word' id='word_1_35' title='bbox 673 877 811 937; x_wconf 87' lang='lat' dir='ltr'>metator</span> <span class='ocrx_word' id='word_1_36' title='bbox 835 872 981 955; x_wconf 87' lang='lat' dir='ltr'>adornat,</span> 
     </span>
     <span class='ocr_line' id='line_1_8' title="bbox 173 976 902 1063; baseline 0.004 -22"><span class='ocrx_word' id='word_1_37' title='bbox 173 976 357 1043; x_wconf 90' lang='lat' dir='ltr'>reddendos</span> <span class='ocrx_word' id='word_1_38' title='bbox 379 979 465 1044; x_wconf 89' lang='lat' dir='ltr'>uitae</span> <span class='ocrx_word' id='word_1_39' title='bbox 490 980 607 1043; x_wconf 83' lang='lat' dir='ltr'>saluan&#39;</span> <span class='ocrx_word' id='word_1_40' title='bbox 631 978 781 1063; x_wconf 89' lang='lat' dir='ltr'>prouidet</span> <span class='ocrx_word' id='word_1_41' title='bbox 804 986 902 1045; x_wconf 82' lang='lat' dir='ltr'>artus.</span> 
     </span>
     <span class='ocr_line' id='line_1_9' title="bbox 174 1084 1011 1170; baseline 0.004 -21"><span class='ocrx_word' id='word_1_42' title='bbox 174 1084 374 1168; x_wconf 90' lang='lat' dir='ltr'>omnipotens</span> <span class='ocrx_word' id='word_1_43' title='bbox 398 1084 553 1167; x_wconf 82' lang='lat' dir='ltr'>Christus,</span> <span class='ocrx_word' id='word_1_44' title='bbox 577 1085 675 1150; x_wconf 86' lang='lat' dir='ltr'>iudex</span> <span class='ocrx_word' id='word_1_45' title='bbox 698 1086 891 1152; x_wconf 86' lang='lat' dir='ltr'>uenerabilis</span> <span class='ocrx_word' id='word_1_46' title='bbox 914 1093 1011 1170; x_wconf 88' lang='lat' dir='ltr'>atque</span> 
     </span>
     <span class='ocr_line' id='line_1_10' title="bbox 173 1190 1032 1277; baseline 0.002 -22"><span class='ocrx_word' id='word_1_47' title='bbox 173 1190 334 1273; x_wconf 83' lang='lat' dir='ltr'>terribilis,</span> <span class='ocrx_word' id='word_1_48' title='bbox 358 1191 411 1274; x_wconf 87' lang='lat' dir='ltr'>pie</span> <span class='ocrx_word' id='word_1_49' title='bbox 435 1190 637 1275; x_wconf 84' lang='lat' dir='ltr'>longanimis,</span> <span class='ocrx_word' id='word_1_50' title='bbox 661 1211 734 1276; x_wconf 92' lang='lat' dir='ltr'>spes</span> <span class='ocrx_word' id='word_1_51' title='bbox 757 1191 823 1256; x_wconf 89' lang='lat' dir='ltr'>fida</span> <span class='ocrx_word' id='word_1_52' title='bbox 845 1198 1032 1277; x_wconf 82' lang='lat' dir='ltr'>precantum</span> 
     </span>
    </p>

    <p class='ocr_par' dir='ltr' id='par_1_4' title="bbox 136 1286 999 1490">
     <span class='ocr_line' id='line_1_11' title="bbox 136 1286 971 1382; baseline 0.002 -21"><span class='ocrx_word' id='word_1_53' title='bbox 136 1311 163 1352; x_wconf 79' lang='lat'>15</span> <span class='ocrx_word' id='word_1_54' title='bbox 173 1286 290 1362; x_wconf 91' lang='lat' dir='ltr'>nobilis</span> <span class='ocrx_word' id='word_1_55' title='bbox 313 1297 449 1362; x_wconf 83' lang='lat' dir='ltr'>eximios</span> <span class='ocrx_word' id='word_1_56' title='bbox 472 1297 600 1362; x_wconf 89' lang='lat' dir='ltr'>famulis</span> <span class='ocrx_word' id='word_1_57' title='bbox 622 1319 686 1363; x_wconf 91' lang='lat' dir='ltr'>non</span> <span class='ocrx_word' id='word_1_58' title='bbox 709 1298 846 1382; x_wconf 89' lang='lat' dir='ltr'>imputat</span> <span class='ocrx_word' id='word_1_59' title='bbox 870 1305 971 1382; x_wconf 83' lang='lat' dir='ltr'>actus,</span> 
     </span>
     <span class='ocr_line' id='line_1_12' title="bbox 172 1402 999 1490; baseline 0.006 -23"><span class='ocrx_word' id='word_1_60' title='bbox 172 1404 244 1488; x_wconf 91' lang='lat' dir='ltr'>plus</span> <span class='ocrx_word' id='word_1_61' title='bbox 267 1402 351 1468; x_wconf 87' lang='lat' dir='ltr'>iusto</span> <span class='ocrx_word' id='word_1_62' title='bbox 374 1403 450 1469; x_wconf 92' lang='lat' dir='ltr'>fidei</span> <span class='ocrx_word' id='word_1_63' title='bbox 473 1425 513 1470; x_wconf 89' lang='lat' dir='ltr'>ac</span> <span class='ocrx_word' id='word_1_64' title='bbox 535 1404 667 1489; x_wconf 86' lang='lat' dir='ltr'>pietatis</span> <span class='ocrx_word' id='word_1_65' title='bbox 689 1406 834 1490; x_wconf 88' lang='lat' dir='ltr'>praemia</span> <span class='ocrx_word' id='word_1_66' title='bbox 857 1406 999 1472; x_wconf 81' lang='lat' dir='ltr'>uincent.</span> 
     </span>
    </p>
   </div>
   <div class='ocr_carea' id='block_1_3' title="bbox 168 1562 1188 2199">
    <p class='ocr_par' dir='ltr' id='par_1_5' title="bbox 170 1562 1188 1835">
     <span class='ocr_line' id='line_1_13' title="bbox 243 1562 1186 1636; baseline 0.006 -21"><span class='ocrx_word' id='word_1_67' title='bbox 243 1562 287 1617; x_wconf 90' lang='lat' dir='ltr'>Le</span> <span class='ocrx_word' id='word_1_68' title='bbox 295 1562 383 1616; x_wconf 87' lang='lat' dir='ltr'>Blant</span> <span class='ocrx_word' id='word_1_69' title='bbox 402 1564 492 1617; x_wconf 89' lang='lat' dir='ltr'>inser.</span> <span class='ocrx_word' id='word_1_70' title='bbox 512 1564 612 1618; x_wconf 81' lang='lat' dir='ltr'>christ.</span> <span class='ocrx_word' id='word_1_71' title='bbox 629 1563 705 1618; x_wconf 86' lang='lat' dir='ltr'>Gall.</span> <span class='ocrx_word' id='word_1_72' title='bbox 719 1564 733 1618; x_wconf 97' lang='lat' dir='ltr'>I</span> <span class='ocrx_word' id='word_1_73' title='bbox 746 1563 807 1630; x_wconf 84' lang='grc'><strong>443,</strong></span> <span class='ocrx_word' id='word_1_74' title='bbox 821 1564 874 1619; x_wconf 83' lang='grc'><strong>335</strong></span> <span class='ocrx_word' id='word_1_75' title='bbox 893 1581 932 1619; x_wconf 87' lang='lat' dir='ltr'>ex</span> <span class='ocrx_word' id='word_1_76' title='bbox 946 1565 1118 1620; x_wconf 85' lang='lat' dir='ltr'>Flodoardo</span> <span class='ocrx_word' id='word_1_77' title='bbox 1134 1569 1186 1636; x_wconf 92' lang='lat' dir='ltr'>qui</span> 
     </span>
     <span class='ocr_line' id='line_1_14' title="bbox 170 1634 1188 1705; baseline 0.004 -18"><span class='ocrx_word' id='word_1_78' title='bbox 170 1649 267 1688; x_wconf 86' lang='lat' dir='ltr'>aureo</span> <span class='ocrx_word' id='word_1_79' title='bbox 293 1634 403 1689; x_wconf 91' lang='lat' dir='ltr'>decore</span> <span class='ocrx_word' id='word_1_80' title='bbox 423 1635 545 1688; x_wconf 90' lang='lat' dir='ltr'>titulum</span> <span class='ocrx_word' id='word_1_81' title='bbox 567 1637 746 1705; x_wconf 88' lang='lat' dir='ltr'>inscriptum</span> <span class='ocrx_word' id='word_1_82' title='bbox 765 1637 860 1690; x_wconf 85' lang='lat' dir='ltr'>fuisse</span> <span class='ocrx_word' id='word_1_83' title='bbox 885 1637 1030 1692; x_wconf 85' lang='lat' dir='ltr'>basilicae</span> <span class='ocrx_word' id='word_1_84' title='bbox 1053 1636 1080 1693; x_wconf 87' lang='lat' dir='ltr'>S.</span> <span class='ocrx_word' id='word_1_85' title='bbox 1100 1637 1127 1690; x_wconf 83' lang='lat' dir='ltr'>A</span> <span class='ocrx_word' id='word_1_86' title='bbox 1150 1641 1188 1691; x_wconf 91' lang='lat' dir='ltr'>ri-</span> 
     </span>
     <span class='ocr_line' id='line_1_15' title="bbox 170 1654 1187 1763; baseline 0.005 -5"><span class='ocrx_word' id='word_1_87' title='bbox 170 1704 258 1759; x_wconf 89' lang='lat' dir='ltr'>colae</span> <span class='ocrx_word' id='word_1_88' title='bbox 277 1704 417 1759; x_wconf 86' lang='lat' dir='ltr'>Remensi</span> <span class='ocrx_word' id='word_1_89' title='bbox 436 1712 542 1759; x_wconf 84' lang='lat' dir='ltr'>narrat</span> <span class='ocrx_word' id='word_1_90' title='bbox 646 1706 787 1760; x_wconf 88' lang='lat' dir='ltr'>Iouinum</span> <span class='ocrx_word' id='word_1_91' title='bbox 808 1707 936 1762; x_wconf 89' lang='lat' dir='ltr'>credunt</span> <span class='ocrx_word' id='word_1_92' title='bbox 955 1710 1050 1763; x_wconf 86' lang='lat' dir='ltr'>fuisse</span> <span class='ocrx_word' id='word_1_93' title='bbox 1068 1708 1109 1762; x_wconf 85' lang='lat' dir='ltr'>Fl.</span> <span class='ocrx_word' id='word_1_94' title='bbox 1128 1654 1187 1763; x_wconf 46' lang='lat' dir='ltr'>{la-</span> 
     </span>
     <span class='ocr_line' id='line_1_16' title="bbox 171 1775 1184 1835; baseline 0.005 -6"><span class='ocrx_word' id='word_1_95' title='bbox 171 1775 283 1830; x_wconf 92' lang='lat' dir='ltr'>lentem</span> <span class='ocrx_word' id='word_1_96' title='bbox 300 1791 359 1830; x_wconf 92' lang='lat' dir='ltr'>cos.</span> <span class='ocrx_word' id='word_1_97' title='bbox 374 1792 401 1829; x_wconf 87' lang='lat' dir='ltr'>a.</span> <span class='ocrx_word' id='word_1_98' title='bbox 411 1776 463 1831; x_wconf 83' lang='grc'>367</span> <span class='ocrx_word' id='word_1_99' title='bbox 483 1777 648 1831; x_wconf 82' lang='lat' dir='ltr'>identidem</span> <span class='ocrx_word' id='word_1_100' title='bbox 661 1783 861 1832; x_wconf 89' lang='lat' dir='ltr'>memoratum</span> <span class='ocrx_word' id='word_1_101' title='bbox 874 1780 913 1832; x_wconf 85' lang='lat' dir='ltr'>ab</span> <span class='ocrx_word' id='word_1_102' title='bbox 923 1778 1083 1833; x_wconf 89' lang='lat' dir='ltr'>Ammiano</span> <span class='ocrx_word' id='word_1_103' title='bbox 1093 1779 1184 1835; x_wconf 85' lang='lat' dir='ltr'>Marc.</span> 
     </span>
    </p>

    <p class='ocr_par' dir='ltr' id='par_1_6' title="bbox 243 1846 1108 1919">
     <span class='ocr_line' id='line_1_17' title="bbox 243 1846 1108 1919; baseline 0.003 -19"><span class='ocrx_word' id='word_1_104' title='bbox 243 1846 260 1900; x_wconf 86' lang='lat'><strong>6</strong></span> <span class='ocrx_word' id='word_1_105' title='bbox 278 1847 388 1900; x_wconf 88' lang='lat' dir='ltr'>foedus</span> <span class='ocrx_word' id='word_1_106' title='bbox 406 1863 524 1914; x_wconf 86' lang='lat' dir='ltr'>uersus,</span> <span class='ocrx_word' id='word_1_107' title='bbox 543 1849 685 1902; x_wconf 87' lang='lat' dir='ltr'>insitiuus</span> <span class='ocrx_word' id='word_1_108' title='bbox 705 1854 759 1902; x_wconf 90' lang='lat' dir='ltr'>aut</span> <span class='ocrx_word' id='word_1_109' title='bbox 778 1855 979 1904; x_wconf 88' lang='lat' dir='ltr'>commutatus</span> <span class='ocrx_word' id='word_1_110' title='bbox 1000 1852 1108 1919; x_wconf 86' lang='lat' dir='ltr'>opinor</span> 
     </span>
    </p>

    <p class='ocr_par' dir='ltr' id='par_1_7' title="bbox 168 1918 1184 2199">
     <span class='ocr_line' id='line_1_18' title="bbox 244 1918 1184 1990; baseline 0.009 -20"><span class='ocrx_word' id='word_1_111' title='bbox 244 1918 278 1971; x_wconf 91' lang='lat'>10</span> <span class='ocrx_word' id='word_1_112' title='bbox 297 1922 326 1970; x_wconf 93' lang='lat' dir='ltr'>et</span> <span class='ocrx_word' id='word_1_113' title='bbox 346 1918 379 1970; x_wconf 93' lang='lat'>11</span> <span class='ocrx_word' id='word_1_114' title='bbox 398 1919 431 1970; x_wconf 91' lang='lat' dir='ltr'>in</span> <span class='ocrx_word' id='word_1_115' title='bbox 450 1920 583 1973; x_wconf 88' lang='lat' dir='ltr'>carmine</span> <span class='ocrx_word' id='word_1_116' title='bbox 602 1920 765 1974; x_wconf 88' lang='lat' dir='ltr'>christiano</span> <span class='ocrx_word' id='word_1_117' title='bbox 779 1920 943 1974; x_wconf 82' lang='lat' dir='ltr'>Treuerico</span> <span class='ocrx_word' id='word_1_118' title='bbox 964 1922 1077 1976; x_wconf 89' lang='lat' dir='ltr'>saeculi</span> <span class='ocrx_word' id='word_1_119' title='bbox 1090 1921 1116 1976; x_wconf 88' lang='lat' dir='ltr'>V</span> <span class='ocrx_word' id='word_1_120' title='bbox 1129 1921 1184 1990; x_wconf 88' lang='lat' dir='ltr'>(Le</span> 
     </span>
     <span class='ocr_line' id='line_1_19' title="bbox 170 1986 1183 2070; baseline 0.009 -31"><span class='ocrx_word' id='word_1_121' title='bbox 170 1986 260 2041; x_wconf 87' lang='lat' dir='ltr'>Blant</span> <span class='ocrx_word' id='word_1_122' title='bbox 278 1987 503 2055; x_wconf 58' lang='grc'><strong>1111341242)</strong></span> <span class='ocrx_word' id='word_1_123' title='bbox 522 1991 565 2043; x_wconf 91' lang='lat' dir='ltr'>sic</span> <span class='ocrx_word' id='word_1_124' title='bbox 584 1994 764 2070; x_wconf 90' lang='lat' dir='ltr'>repetuntur</span> <span class='ocrx_word' id='word_1_125' title='bbox 777 1992 877 2045; x_wconf 87' lang='lat' dir='ltr'>sedem</span> <span class='ocrx_word' id='word_1_126' title='bbox 893 1990 1024 2047; x_wconf 84' lang='grc'><strong>1111111113</strong></span> <span class='ocrx_word' id='word_1_127' title='bbox 1042 1994 1183 2062; x_wconf 75' lang='lat' dir='ltr'>gaudens</span> 
     </span>
     <span class='ocr_line' id='line_1_20' title="bbox 168 2058 1183 2136; baseline 0.007 -24"><span class='ocrx_word' id='word_1_128' title='bbox 168 2073 349 2126; x_wconf 81' lang='lat' dir='ltr'>componere</span> <span class='ocrx_word' id='word_1_129' title='bbox 366 2058 510 2114; x_wconf 77' lang='lat' dir='ltr'>membris</span> <span class='ocrx_word' id='word_1_130' title='bbox 527 2060 681 2128; x_wconf 74' lang='lat' dir='ltr'>fratrebus</span> <span class='ocrx_word' id='word_1_131' title='bbox 697 2062 751 2116; x_wconf 85' lang='lat' dir='ltr'>boc</span> <span class='ocrx_word' id='word_1_132' title='bbox 764 2060 879 2117; x_wconf 78' lang='lat' dir='ltr'>sanctis</span> <span class='ocrx_word' id='word_1_133' title='bbox 888 2078 1008 2131; x_wconf 79' lang='lat' dir='ltr'>pomos</span> <span class='ocrx_word' id='word_1_134' title='bbox 1021 2064 1183 2136; x_wconf 66' lang='grc'><strong>11111101-</strong></span> 
     </span>
     <span class='ocr_line' id='line_1_21' title="bbox 169 2127 1047 2199; baseline 0.006 -17"><span class='ocrx_word' id='word_1_135' title='bbox 169 2127 261 2183; x_wconf 84' lang='grc'><strong>111113</strong></span> <span class='ocrx_word' id='word_1_136' title='bbox 280 2128 419 2199; x_wconf 79' lang='lat' dir='ltr'>corporis</span> <span class='ocrx_word' id='word_1_137' title='bbox 437 2129 605 2199; x_wconf 78' lang='lat' dir='ltr'>hospitium</span> <span class='ocrx_word' id='word_1_138' title='bbox 623 2134 748 2187; x_wconf 81' lang='grc'><strong>3111111113</strong></span> <span class='ocrx_word' id='word_1_139' title='bbox 766 2136 895 2188; x_wconf 82' lang='lat' dir='ltr'>metator</span> <span class='ocrx_word' id='word_1_140' title='bbox 913 2136 1047 2189; x_wconf 83' lang='grc'><strong>11111111</strong></span> 
     </span>
    </p>
   </div>
   <div class='ocr_carea' id='block_1_4' title="bbox 645 2295 711 2359">
    <p class='ocr_par' dir='ltr' id='par_1_8' title="bbox 645 2295 711 2359">
     <span class='ocr_line' id='line_1_22' title="bbox 645 2295 711 2359; baseline 0.015 -1"><span class='ocrx_word' id='word_1_141' title='bbox 645 2295 711 2359; x_wconf 87' lang='grc'><strong>303</strong></span> 
     </span>
    </p>
   </div>
   <div class='ocr_carea' id='block_1_5' title="bbox 168 2417 1112 2726">
    <p class='ocr_par' dir='ltr' id='par_1_9' title="bbox 168 2417 1112 2726">
     <span class='ocr_line' id='line_1_23' title="bbox 168 2417 932 2502; baseline 0.005 -20"><span class='ocrx_word' id='word_1_142' title='bbox 168 2418 350 2483; x_wconf 90' lang='lat' dir='ltr'>Deuotione</span> <span class='ocrx_word' id='word_1_143' title='bbox 372 2417 486 2502; x_wconf 90' lang='lat' dir='ltr'>uigens</span> <span class='ocrx_word' id='word_1_144' title='bbox 509 2425 662 2502; x_wconf 85' lang='lat' dir='ltr'>augustas</span> <span class='ocrx_word' id='word_1_145' title='bbox 685 2420 818 2485; x_wconf 90' lang='lat' dir='ltr'>Pontius</span> <span class='ocrx_word' id='word_1_146' title='bbox 841 2419 932 2486; x_wconf 90' lang='lat' dir='ltr'>aedis</span> 
     </span>
     <span class='ocr_line' id='line_1_24' title="bbox 169 2523 904 2610; baseline 0.007 -23"><span class='ocrx_word' id='word_1_147' title='bbox 169 2523 310 2588; x_wconf 90' lang='lat' dir='ltr'>restituit</span> <span class='ocrx_word' id='word_1_148' title='bbox 332 2530 462 2608; x_wconf 86' lang='lat' dir='ltr'>praetor·</span> <span class='ocrx_word' id='word_1_149' title='bbox 484 2527 579 2610; x_wconf 94' lang='lat' dir='ltr'>longe</span> <span class='ocrx_word' id='word_1_150' title='bbox 602 2528 817 2610; x_wconf 82' lang='lat' dir='ltr'>praestantius</span> <span class='ocrx_word' id='word_1_151' title='bbox 841 2527 904 2592; x_wconf 92' lang='lat' dir='ltr'>illis</span> 
     </span>
     <span class='ocr_line' id='line_1_25' title="bbox 168 2631 1112 2726; baseline 0.007 -32"><span class='ocrx_word' id='word_1_152' title='bbox 168 2649 253 2713; x_wconf 87' lang='lat' dir='ltr'>quae</span> <span class='ocrx_word' id='word_1_153' title='bbox 275 2631 401 2716; x_wconf 85' lang='lat' dir='ltr'>priscae</span> <span class='ocrx_word' id='word_1_154' title='bbox 424 2638 590 2697; x_wconf 88' lang='lat' dir='ltr'>steterant.</span> <span class='ocrx_word' id='word_1_155' title='bbox 625 2633 710 2717; x_wconf 83' lang='lat' dir='ltr'>talis,</span> <span class='ocrx_word' id='word_1_156' title='bbox 733 2634 947 2719; x_wconf 87' lang='lat' dir='ltr'>respublica,</span> <span class='ocrx_word' id='word_1_157' title='bbox 972 2655 1079 2717; x_wconf 90' lang='lat' dir='ltr'>quere.</span> <span class='ocrx_word' id='word_1_158' title='bbox 1108 2720 1112 2726; x_wconf 82' lang='lat'>.</span> 
     </span>
    </p>
   </div>
   <div class='ocr_carea' id='block_1_6' title="bbox 167 2788 1185 3360">
    <p class='ocr_par' dir='ltr' id='par_1_10' title="bbox 167 2788 1185 3360">
     <span class='ocr_line' id='line_1_26' title="bbox 242 2788 1184 2862; baseline 0.006 -18"><span class='ocrx_word' id='word_1_159' title='bbox 242 2788 314 2844; x_wconf 84' lang='lat' dir='ltr'>CIL.</span> <span class='ocrx_word' id='word_1_160' title='bbox 327 2789 385 2843; x_wconf 90' lang='lat' dir='ltr'>XII</span> <span class='ocrx_word' id='word_1_161' title='bbox 399 2791 450 2845; x_wconf 89' lang='grc'>138</span> <span class='ocrx_word' id='word_1_162' title='bbox 470 2792 596 2846; x_wconf 88' lang='lat' dir='ltr'>contulit</span> <span class='ocrx_word' id='word_1_163' title='bbox 611 2792 784 2860; x_wconf 87' lang='lat' dir='ltr'>Mommsen,</span> <span class='ocrx_word' id='word_1_164' title='bbox 803 2795 892 2848; x_wconf 88' lang='lat' dir='ltr'>inscr.</span> <span class='ocrx_word' id='word_1_165' title='bbox 905 2793 993 2848; x_wconf 91' lang='lat' dir='ltr'>Helu.</span> <span class='ocrx_word' id='word_1_166' title='bbox 1009 2795 1050 2862; x_wconf 87' lang='lat'>10,</span> <span class='ocrx_word' id='word_1_167' title='bbox 1071 2795 1119 2850; x_wconf 89' lang='lat' dir='ltr'>Or.</span> <span class='ocrx_word' id='word_1_168' title='bbox 1130 2795 1184 2850; x_wconf 80' lang='lat'>250</span> 
     </span>
     <span class='ocr_line' id='line_1_27' title="bbox 278 2859 1183 2934; baseline 0.006 -18"><span class='ocrx_word' id='word_1_169' title='bbox 278 2859 401 2916; x_wconf 88' lang='lat' dir='ltr'>Seduni.</span> <span class='ocrx_word' id='word_1_170' title='bbox 430 2877 510 2931; x_wconf 89' lang='lat' dir='ltr'>pone</span> <span class='ocrx_word' id='word_1_171' title='bbox 529 2865 682 2917; x_wconf 88' lang='lat' dir='ltr'>uersuml</span> <span class='ocrx_word' id='word_1_172' title='bbox 702 2865 823 2933; x_wconf 82' lang='lat' dir='ltr'>insigne</span> <span class='ocrx_word' id='word_1_173' title='bbox 842 2870 969 2934; x_wconf 88' lang='lat' dir='ltr'>apparet</span> <span class='ocrx_word' id='word_1_174' title='bbox 979 2864 1183 2921; x_wconf 88' lang='lat' dir='ltr'>Christianum</span> 
     </span>
     <span class='ocr_line' id='line_1_28' title="bbox 167 2932 1183 3004; baseline 0.006 -20"><span class='ocrx_word' id='word_1_175' title='bbox 167 2932 222 2999; x_wconf 81' lang='grc' dir='ltr'>(Χρ</span> <span class='ocrx_word' id='word_1_176' title='bbox 235 2933 354 2986; x_wconf 88' lang='lat' dir='ltr'>mediae</span> <span class='ocrx_word' id='word_1_177' title='bbox 367 2933 446 2988; x_wconf 89' lang='lat' dir='ltr'>inter</span> <span class='ocrx_word' id='word_1_178' title='bbox 460 2950 477 2986; x_wconf 92' lang='grc' dir='ltr'>α</span> <span class='ocrx_word' id='word_1_179' title='bbox 491 2939 520 2987; x_wconf 89' lang='lat' dir='ltr'>et</span> <span class='ocrx_word' id='word_1_180' title='bbox 534 2933 568 3001; x_wconf 84' lang='grc' dir='ltr'>ω)</span> <span class='ocrx_word' id='word_1_181' title='bbox 582 2936 669 2989; x_wconf 89' lang='lat' dir='ltr'>cuius</span> <span class='ocrx_word' id='word_1_182' title='bbox 689 2936 810 3004; x_wconf 89' lang='lat' dir='ltr'>publica</span> <span class='ocrx_word' id='word_1_183' title='bbox 829 2937 985 3004; x_wconf 83' lang='lat' dir='ltr'>inscriptio</span> <span class='ocrx_word' id='word_1_184' title='bbox 1004 2937 1088 2990; x_wconf 85' lang='lat' dir='ltr'>nulla</span> <span class='ocrx_word' id='word_1_185' title='bbox 1108 2939 1183 2990; x_wconf 89' lang='lat' dir='ltr'>anti·</span> 
     </span>
     <span class='ocr_line' id='line_1_29' title="bbox 168 3003 1183 3073; baseline 0.007 -18"><span class='ocrx_word' id='word_1_186' title='bbox 168 3004 261 3071; x_wconf 88' lang='lat' dir='ltr'>quius</span> <span class='ocrx_word' id='word_1_187' title='bbox 279 3003 371 3058; x_wconf 90' lang='lat' dir='ltr'>habet</span> <span class='ocrx_word' id='word_1_188' title='bbox 390 3004 570 3073; x_wconf 87' lang='lat' dir='ltr'>exemplum,</span> <span class='ocrx_word' id='word_1_189' title='bbox 590 3009 624 3059; x_wconf 91' lang='lat' dir='ltr'>ut</span> <span class='ocrx_word' id='word_1_190' title='bbox 642 3005 845 3060; x_wconf 90' lang='lat' dir='ltr'>Mommsenus</span> <span class='ocrx_word' id='word_1_191' title='bbox 865 3012 895 3061; x_wconf 89' lang='lat' dir='ltr'>et</span> <span class='ocrx_word' id='word_1_192' title='bbox 913 3007 1038 3060; x_wconf 88' lang='lat' dir='ltr'>Rossius</span> <span class='ocrx_word' id='word_1_193' title='bbox 1058 3007 1183 3062; x_wconf 86' lang='lat' dir='ltr'>adnota-</span> 
     </span>
     <span class='ocr_line' id='line_1_30' title="bbox 170 3074 1185 3147; baseline 0.005 -20"><span class='ocrx_word' id='word_1_194' title='bbox 170 3079 250 3127; x_wconf 87' lang='lat' dir='ltr'>runt.</span> <span class='ocrx_word' id='word_1_195' title='bbox 283 3089 406 3128; x_wconf 87' lang='lat' dir='ltr'>carmen</span> <span class='ocrx_word' id='word_1_196' title='bbox 429 3080 575 3130; x_wconf 89' lang='lat' dir='ltr'>secuntur</span> <span class='ocrx_word' id='word_1_197' title='bbox 600 3076 676 3131; x_wconf 85' lang='lat' dir='ltr'>haec</span> <span class='ocrx_word' id='word_1_198' title='bbox 701 3078 730 3131; x_wconf 86' lang='lat' dir='ltr'>d.</span> <span class='ocrx_word' id='word_1_199' title='bbox 749 3094 779 3131; x_wconf 86' lang='grc'>11.</span> <span class='ocrx_word' id='word_1_200' title='bbox 801 3074 951 3132; x_wconf 81' lang='lat' dir='ltr'>Gratiano</span> <span class='ocrx_word' id='word_1_201' title='bbox 970 3077 1047 3147; x_wconf 72' lang='lat' dir='ltr'>Aug.</span> <span class='ocrx_word' id='word_1_202' title='bbox 1067 3078 1132 3132; x_wconf 82' lang='lat' dir='ltr'><strong><em>IIII</em></strong></span> <span class='ocrx_word' id='word_1_203' title='bbox 1156 3081 1185 3133; x_wconf 87' lang='grc'>11</span> 
     </span>
     <span class='ocr_line' id='line_1_31' title="bbox 170 3145 1184 3217; baseline 0.008 -20"><span class='ocrx_word' id='word_1_204' title='bbox 170 3145 378 3214; x_wconf 69' lang='lat' dir='ltr'>Mertobuude)</span> <span class='ocrx_word' id='word_1_205' title='bbox 405 3162 462 3200; x_wconf 87' lang='lat' dir='ltr'>cos.</span> <span class='ocrx_word' id='word_1_206' title='bbox 482 3145 612 3201; x_wconf 79' lang='lat' dir='ltr'>Pontius</span> <span class='ocrx_word' id='word_1_207' title='bbox 635 3146 865 3217; x_wconf 83' lang='lat' dir='ltr'>Asclepiodotus</span> <span class='ocrx_word' id='word_1_208' title='bbox 887 3145 961 3213; x_wconf 75' lang='grc'><strong>11111)</strong></span> <span class='ocrx_word' id='word_1_209' title='bbox 980 3147 1184 3217; x_wconf 74' lang='lat' dir='ltr'>pterfectissi-</span> 
     </span>
     <span class='ocr_line' id='line_1_32' title="bbox 167 3216 911 3286; baseline 0.008 -17"><span class='ocrx_word' id='word_1_210' title='bbox 167 3220 249 3281; x_wconf 84' lang='lat' dir='ltr'>mus)</span> <span class='ocrx_word' id='word_1_211' title='bbox 264 3216 416 3284; x_wconf 73' lang='grc'><strong>11111313)</strong></span> <span class='ocrx_word' id='word_1_212' title='bbox 437 3216 645 3286; x_wconf 72' lang='grc'><strong>(111111111111).</strong></span> <span class='ocrx_word' id='word_1_213' title='bbox 676 3235 775 3274; x_wconf 89' lang='lat' dir='ltr'>annus</span> <span class='ocrx_word' id='word_1_214' title='bbox 794 3224 838 3274; x_wconf 90' lang='lat' dir='ltr'>est</span> <span class='ocrx_word' id='word_1_215' title='bbox 857 3220 911 3275; x_wconf 77' lang='lat'>377</span> 
     </span>
     <span class='ocr_line' id='line_1_33' title="bbox 242 3285 1101 3360; baseline 0.008 -21"><span class='ocrx_word' id='word_1_216' title='bbox 242 3287 256 3339; x_wconf 95' lang='lat'>1</span> <span class='ocrx_word' id='word_1_217' title='bbox 276 3285 423 3357; x_wconf 74' lang='lat' dir='ltr'>religione</span> <span class='ocrx_word' id='word_1_218' title='bbox 441 3289 586 3343; x_wconf 84' lang='lat' dir='ltr'>Rivazius</span> <span class='ocrx_word' id='word_1_219' title='bbox 606 3291 807 3360; x_wconf 84' lang='lat' dir='ltr'>corrigendae</span> <span class='ocrx_word' id='word_1_220' title='bbox 827 3306 920 3345; x_wconf 85' lang='lat' dir='ltr'>causa</span> <span class='ocrx_word' id='word_1_221' title='bbox 939 3291 1101 3359; x_wconf 82' lang='lat' dir='ltr'>prosodiae</span> 
     </span>
    </p>
   </div>
   <div class='ocr_carea' id='block_1_7' title="bbox 549 3414 711 3515">
    <p class='ocr_par' dir='ltr' id='par_1_11' title="bbox 549 3414 711 3515">
     <span class='ocr_line' id='line_1_34' title="bbox 549 3414 711 3515; baseline 0.006 -1"><span class='ocrx_word' id='word_1_222' title='bbox 549 3414 551 3419; x_wconf 65' lang='grc'>’</span> <span class='ocrx_word' id='word_1_223' title='bbox 644 3452 711 3515; x_wconf 77' lang='lat' dir='ltr'>sol</span> 
     </span>
    </p>
   </div>
   <div class='ocr_carea' id='block_1_8' title="bbox 167 3572 987 3664">
    <p class='ocr_par' dir='ltr' id='par_1_12' title="bbox 167 3572 987 3664">
     <span class='ocr_line' id='line_1_35' title="bbox 167 3572 987 3664; baseline 0.01 -28"><span class='ocrx_word' id='word_1_224' title='bbox 167 3572 443 3664; x_wconf 29' lang='lat' dir='ltr'>Militiaeunomen</span> <span class='ocrx_word' id='word_1_225' title='bbox 466 3575 622 3641; x_wconf 90' lang='lat' dir='ltr'>dederant</span> <span class='ocrx_word' id='word_1_226' title='bbox 645 3596 807 3660; x_wconf 85' lang='lat' dir='ltr'>saeuumq.</span> <span class='ocrx_word' id='word_1_227' title='bbox 831 3579 987 3661; x_wconf 85' lang='lat' dir='ltr'>gerebant</span> 
     </span>
    </p>
   </div>
   <div class='ocr_carea' id='block_1_9' title="bbox 0 0 1326 3884">
    <p class='ocr_par' dir='ltr' id='par_1_13' title="bbox 0 0 1326 3884">
     <span class='ocr_line' id='line_1_36' title="bbox 0 0 1326 3884; baseline 0 1"><span class='ocrx_word' id='word_1_228' title='bbox 0 0 1326 3884; x_wconf 95' lang='lat' dir='ltr'> </span> 
     </span>
    </p>
   </div>
  </div>
 </body>
</html>
