2650 3882
174 165 228 220 182
613 181 752 222 nucum

247 323 319 381 CIL.
340 324 383 380 IX
401 326 473 381 2780
491 328 617 381 eontulit
635 327 758 382 Dressel
858 328 988 384 Bouiani
1006 327 1153 383 Oscorum

272 399 428 465 praeeedit
448 398 476 452 d.
496 398 538 451 M.
557 414 580 453 o.
600 398 643 453 Μ.
661 397 785 454 Ennius
804 401 929 454 Pudens
947 398 1072 470 Maqz'oe
1095 401 1188 456 Teles-

169 465 301 537 phoridi
318 466 464 538 eoniuqlr')
484 468 684 525 benemerenti
697 469 806 539 posuit
909 475 977 540 post
996 486 1049 539 eqo
1068 472 1189 527 litterae
1266 473 1272 485 “

174 553 230 609 per
248 543 310 593 tres
328 540 437 609 lapidis
456 541 624 595 uersiculos
644 542 809 611 dispositae
827 557 937 611 parum
954 548 1056 596 certae
1075 558 1189 597 omnes.

170 607 329 677 pollicitos
347 609 410 680 feci
431 609 538 693 litenti
561 610 675 693 [animo
702 613 831 694 coniecit
849 612 1061 679 Mommsenus‚
1088 614 1190 695 magis

174 679 276 751 placet
295 697 348 750 eqo
367 683 525 738 rothertus.
557 688 621 737 tum
640 698 764 739 tuncrus
782 685 888 740 fertur.
916 689 1015 754 potest
1033 685 1153 740 uoluere

174 1147 246 1192 eum
270 1147 333 1210 qua
355 1128 507 1194 uixissem
530 1128 653 1211 molius,
677 1129 739 1195 nisi
762 1130 831 1195 fata
855 1135 1035 1214 uocassent,

173 1234 231 1300 sed
254 1235 455 1320 praescripto
477 1234 547 1301 dim
569 1255 666 1301 unam
688 1256 752 1302 non
775 1236 899 1303 distulit
921 1235 1043 1302 horam.
1144 1281 1149 1291 ·

150 1361 289 1426 roorpus
313 1340 399 1424 quod
421 1343 513 1425 ulxit,
537 1342 625 1408 faeta
648 1349 697 1408 est
719 1342 810 1408 uindl
832 1343 914 1409 leuis
935 1344 1056 1409 umbra.

174 1447 227 1513 hie
250 1441 346 1514 simili
370 1468 447 1513 eosu
470 1448 525 1530 qui
547 1448 680 1534 pendere,
705 1449 873 1516 commoda
895 1450 984 1516 uisus

174 1560 207 1620 et
230 1554 380 1621 lacrimas
403 1554 496 1619 titulo
520 1555 585 1620 noli
608 1556 759 1622 moriture
782 1576 912 1640 negare.

246 1711 318 1768 CIL.
336 1713 363 1768 V
381 1714 452 1769 6714
471 1715 566 1770 deser.
585 1715 704 1769 Bruzza
804 1715 948 1771 Vercellis

245 1784 366 1853 bfocto
389 1784 591 1841 Mommsenus
616 1788 759 1841 coniecit:
785 1784 872 1855 facio
896 1786 1034 1853 traditur,
1059 1783 1188 1840 Faciam

179 1853 271 1911 Vinoli
285 1855 433 1938 appellari
445 1858 601 1912 mulierem
612 1858 731 1912 Bruzza
743 1863 874 1927 putarat,
893 1859 925 1911 in
938 1858 995 1912 hoo
1008 1858 1082 1912 latet
1095 1857 1189 1925 alind,

174 1932 249 1997 puto
269 1927 369 1982 uimdl
384 1929 403 1982 i.
422 1929 560 1983 uiridarii
579 1930 718 1999 sepulcro
739 1928 917 1983 circumdati
1160 1936 1162 1940 ⁴

650 2074 716 2139 392

576 2230 583 2247 .
676 2229 684 2246 .
732 2179 812 2266 [pler
836 2180 969 2264 [alanos.

173 2285 259 2370 nam]
283 2284 359 2350 dum
382 2285 451 2352 uita
473 2286 562 2371 mihi,
586 2287 662 2353 dum
686 2287 806 2353 claram
830 2305 959 2352 eernere
982 2286 1087 2351 luoem

174 2394 355 2478 eontigerit,
378 2399 421 2477 te,
446 2394 633 2477 caremihi,
657 2413 836 2476 nomenque
860 2393 1029 2475 requiram.

244 2551 400 2606 Bormann
417 2554 506 2606 inser.
517 2551 716 2608 Sassinatium
729 2568 774 2606 nr.
784 2552 827 2618 80,
846 2550 964 2607 Notizie
978 2550 1005 2603 d.
1019 2550 1103 2604 soavi
1117 2548 1189 2603 1885

172 2639 202 2693 p.
215 2622 268 2678 315
369 2639 431 2693 rep.
451 2623 534 2693 apud
545 2621 698 2678 Sassinam
716 2623 838 2677 candidi
856 2623 1015 2676 marmoris
1034 2623 1189 2692 fragmen·

174 2698 237 2748 tum
258 2695 307 2747 oui
326 2695 530 2763 subscriptum
548 2694 661 2765 legitur
680 2696 772 2760 Mene)
791 2691 940 2757 merenti)

245 2765 262 2818 1
280 2766 354 2819 istas
372 2764 480 2834 Borm,
500 2767 632 2821 incertas
650 2766 767 2820 litteras
784 2764 851 2820 Not.

649 2909 715 2974 393

173 3032 312 3099 Condita
334 3032 451 3101 Nebris
474 3032 575 3099 habes
597 3031 724 3097 titulum
748 3051 843 3116 quem
865 3032 935 3098 sola
957 3031 1100 3113 merome,

172 3138 289 3204 Octaui
312 3139 462 3205 Memoris
485 3139 602 3206 ooniun
625 3158 709 3222 quae
732 3159 809 3204 uera
831 3138 930 3204 fuisti.

172 3244 302 3329 Elysios
324 3265 438 3330 precor
459 3253 496 3310 ut
518 3246 621 3329 possis
643 3244 797 3310 inuadere
821 3264 951 3330 campos

173 3355 415 3432 matronamque
439 3351 526 3418 oolas
550 3351 636 3417 Ditis
659 3350 854 3435 Di[tem]que
877 3351 1030 3436 preoeriS,

147 3455 228 3521 rdet
250 3455 343 3522 sedes
366 3463 401 3522 ut
426 3456 622 3542 [honoratlas
644 3457 838 3540 meritosque
861 3456 1018 3541 [recessus

373 3612 380 3628 .
426 3571 477 3629 tus
500 3571 535 3629 tu
582 3611 992 3630 .....
