2646 3884
600 164 728 204 1111111111
1137 151 1178 207 50

156 309 304 380 CuperuS,
317 310 434 365 Horum
444 311 638 365 Burmannus
651 311 765 376 statuit,
785 325 846 378 qua
865 312 984 365 ratione
1002 316 1093 366 natus
1107 314 1175 382 qui·

157 382 226 435 dem
239 382 327 436 Isidis
341 383 511 452 expeditur,
529 383 651 435 minime
665 396 740 435 uero
755 396 837 449 puer
850 397 904 435 cur
918 383 1091 437 adhaereat.
1112 400 1175 453 ego

155 453 294 507 inuolute
322 459 352 507 et
379 455 524 507 inusitate
553 453 633 505 dicta
663 453 736 521 quid
759 453 855 506 uelint
880 469 987 522 parum
1011 456 1175 524 perspicio,

156 525 215 579 nisi
234 526 313 579 forte
337 525 395 578 hoo
419 525 610 595 significatur
629 524 745 592 Isigoni
765 524 924 578 cuiusdam
947 527 1042 580 fuisse
1060 529 1177 580 manci*

156 597 240 665 pium
268 612 330 649 non
354 600 416 650 tam
441 597 564 666 proprio
590 597 713 649 nomine
738 596 841 649 seruili
862 601 968 649 notum
992 613 1083 665 quam
1105 615 1177 667 pro·

155 667 227 720 inde
246 672 281 720 ut
301 669 500 736 antiquissimi
522 667 701 721 uocitabant
723 666 839 736 Isigoni
861 682 999 735 puerum.
1038 675 1175 723 ceterum

156 736 266 792 tenebit
284 736 432 792 aidisuoti
450 738 635 792 Muratorius

631 848 694 911 105

156 970 336 1036 Restitutus
358 970 422 1036 hoo
444 971 557 1036 infelix
580 972 700 1054 tegitur
723 971 756 1035 in
780 972 899 1036 tumulo
923 991 1003 1056 puer

156 1078 263 1143 socius
285 1080 412 1163 parenti
435 1080 563 1162 gemino
587 1078 700 1142 tumuli
723 1078 862 1143 foedere.

229 1218 332 1273 Osann
351 1221 469 1289 sylloge
488 1236 516 1288 p.
529 1220 591 1286 477,
604 1219 629 1287 2,
650 1220 795 1288 descripsi
815 1235 854 1273 ex
874 1220 992 1273 schedis
1010 1219 1135 1272 Lerschi

257 1290 381 1344 Romae.
418 1293 638 1360 praescriptum
665 1292 693 1344 d.
713 1292 754 1344 M.
774 1291 817 1344 M.
836 1290 970 1344 Romani
994 1289 1173 1344 1111111111-

156 1360 265 1429 statuti,
285 1363 487 1431 subscriptum
507 1363 549 1415 M.
563 1361 674 1416 Iunius
687 1362 820 1417 Sadame
840 1365 867 1416 et
880 1361 1033 1417 Romania
1049 1359 1176 1415 Marcia

156 1434 281 1487 heredes
301 1432 519 1487 benemerendi
536 1434 683 1503 fecerunt.
722 1435 863 1488 carminis
882 1435 999 1488 initium
1019 1435 1050 1486 in
1071 1433 1174 1502 lapide

158 1505 238 1574 diple
262 1506 421 1574 significat.
455 1505 563 1559 iouino
583 1508 663 1574 patri
688 1506 802 1560 rhetori
828 1507 921 1559 latino
943 1506 1040 1559 eidem
1059 1505 1172 1558 ibidem

157 1577 277 1629 titulum
291 1577 392 1630 fecere
409 1577 578 1645 elegiacum
599 1593 658 1645 quo
673 1593 741 1630 cum
753 1577 867 1631 Catone
887 1582 917 1630 et
927 1576 1072 1632 Cicerone
1091 1576 1177 1629 illius

156 1662 269 1701 nomen
287 1648 483 1716 praedicatur
500 1663 678 1701 mansurum
692 1648 827 1716 (Henzen
838 1648 919 1714 5606)
935 1649 1025 1716 quale
1039 1648 1171 1716 elogium
1222 1696 1225 1701 ⁴

80 1761 81 1764 ,
158 1719 197 1772 ab
210 1717 379 1772 Alexandri
390 1717 496 1773 Seueri
515 1719 565 1773 uel
576 1718 724 1774 Gordiani
742 1721 929 1789 temporibus
948 1735 1010 1773 non
1029 1722 1177 1788 putamus

158 1790 438 1915 abhllrrleireltitatus
461 1863 591 1916 fortasse
614 1862 826 1916 trochaeorum
853 1876 945 1915 causa
970 1862 1177 1930 adsumptum,

157 1932 251 1985 iambi
269 1947 363 1985 unam
383 1933 530 2002 syllabam
549 1934 745 2002 postulabant
764 1949 801 1986 en
819 1933 870 1987 uel
888 1948 971 1986 acac

632 2060 694 2124 106

157 2182 234 2248 Vixi
257 2183 371 2248 beatus
394 2182 454 2266 dis,
478 2184 601 2266 amieis,
625 2184 737 2250 literis.

157 2290 269 2355 Manes
293 2291 444 2374 colamus,
468 2311 605 2374 namque
629 2293 749 2376 opertis
772 2273 920 2356 Manibus

159 2397 270 2462 diuina
293 2399 342 2463 uis
365 2404 414 2462 est
437 2398 594 2463 aeuiterni
618 2397 780 2481 temporis.

230 2538 302 2594 CIL.
322 2539 363 2593 VI
382 2539 451 2594 1417
471 2555 509 2593 ex
530 2539 643 2606 codice,
662 2538 789 2592 Henaen
809 2537 857 2592 Or.
877 2538 948 2592 6017
1048 2537 1175 2590 Romae.

157 2612 379 2680 praescriptum
403 2611 431 2663 d.
452 2611 494 2664 M.
518 2612 548 2664 Τ.
568 2604 658 2664 abac.
679 2608 857 2663 Postumius
884 2611 982 2664 Varus
1010 2625 1040 2662 a.
1064 2625 1086 2663 o.
1113 2623 1175 2662 cos.

157 2684 262 2736 orator
282 2682 359 2751 Aup.
379 2682 441 2737 XV
454 2681 507 2735 air
521 2682 624 2750 praef.
643 2682 710 2734 urb.
729 2682 853 2734 iunctus
874 2687 919 2735 est
942 2681 1000 2733 hac
1025 2681 1172 2750 praefecti

157 2753 308 2822 dignitate
327 2768 407 2806 anno
427 2753 479 2808 271
493 2759 527 2807 ut
540 2758 669 2807 testatur
688 2753 861 2806 laterculus.
885 2753 978 2806 iambi
997 2751 1172 2821 graecanici

229 2825 244 2877 1
265 2821 327 2877 diis
348 2824 445 2878 codex
546 2824 638 2878 2rite
657 2822 789 2878 conditis
800 2821 946 2878 Manibus
956 2823 1071 2877 Plinius
1085 2823 1172 2891 epist.

156 2894 213 2949 VH
224 2895 268 2961 27,
279 2896 312 2948 11
334 2911 489 2964 saepeque
507 2901 673 2965 argenteae
691 2898 800 2949 aetatis
818 2897 980 2965 scriptores
999 2896 1176 2947 inhumatos

156 2966 256 3020 nudos
279 2967 419 3020 reuulsos
440 2982 496 3035 pro
522 2969 657 3036 corporis
680 2967 816 3035 reliquiis
842 2966 946 3019 Manes
977 2966 1089 3032 dicunt,
1118 2964 1173 3017 sed

157 3036 255 3106 operti
274 3039 390 3106 spirant
410 3039 562 3091 sanctiora
662 3037 679 3092 3
699 3036 865 3091 diuinitas
885 3040 928 3091 cst
947 3034 1062 3090 aeterni
1082 3035 1176 3088 tradi-

156 3113 215 3176 tur,
227 3125 282 3162 em.
293 3108 433 3162 Baiterus
446 3114 476 3162 et
485 3108 674 3175 Ritschelius‚
689 3109 737 3162 hic
748 3111 965 3178 interpretatus
975 3109 1032 3160 rite
1042 3106 1176 3176 sepulto-

155 3195 225 3233 rum
237 3179 342 3234 Manes
363 3184 513 3248 potestate
527 3180 632 3233 diuina
645 3181 706 3232 frui
720 3195 774 3248 per
790 3195 878 3234 omne
892 3195 1003 3233 aeuum
1024 3179 1176 3232 duratura

636 3307 698 3369 107

157 3429 329 3494 Terentius
353 3429 547 3496 Sabinianus
570 3430 642 3494 fons
665 3436 698 3493 et
722 3449 855 3494 camena
878 3430 1004 3514 litteris,

154 3536 312 3622 sapiendo
336 3538 459 3622 opimus
482 3544 515 3603 et
539 3535 676 3602 dicendo
700 3535 902 3620 splendidus:
