2644 3884
637 193 728 233 ΙΑΜΒῙ

653 394 717 458 132

172 535 302 615 Precor,
327 535 354 599 si
379 533 433 616 qui
457 535 534 600 estIs
557 534 678 618 Manes,
702 543 737 600 ut
761 537 966 621 [Trebellliae

173 641 216 705 sit
239 641 393 705 suauiter:
418 647 450 705 et
474 642 533 705 tibi
556 642 638 707 bene
661 644 702 707 sit
726 644 780 725 qui
804 643 895 727 legis.

246 816 318 872 CIL.
338 817 378 870 VI
399 817 486 872 12735
506 817 664 886 descripsit
680 818 806 872 Henzen
826 835 905 888 quae
925 825 1097 889 supersunt,
1118 821 1193 875 elex-

173 890 287 942 teriora
306 890 463 957 perierunt
563 888 659 941 Roma
678 891 858 943 translatum
877 890 1060 945 Florentiam

173 960 364 1029 praecedunt
382 960 458 1013 haee
476 960 510 1011 P.
531 957 593 1012 Atti
612 960 647 1013 P.
667 960 685 1012 7.
704 960 865 1015 Hermonis
890 959 950 1015 sibi
976 964 1003 1015 77
1025 961 1192 1016 Τ7777777α7

173 1032 215 1083 M.
235 1031 253 1083 7.
273 1028 427 1084 Hebeaeai
450 1028 575 1100 77777797
600 1045 675 1084 suae
699 1031 911 1086 sanctissimae
935 1048 1013 1103 quae
1039 1034 1113 1087 dam
1135 1034 1190 1087 ad·

172 1100 255 1155 7777777
271 1099 336 1170 fait
353 1102 547 1155 traducentia
566 1117 621 1170 per
640 1104 757 1156 iambos
777 1104 816 1156 ad
836 1105 989 1157 senarium

246 1170 416 1227 latibiliae
440 1172 565 1226 tradidit
591 1174 642 1242 qui
667 1174 748 1227 solus
774 1177 911 1229 seruauit
930 1175 1055 1229 Donius
1087 1177 1122 1229 at
1144 1173 1192 1229 ibi

172 1242 244 1297 illae
263 1245 335 1297 feeit
353 1244 517 1297 Henzenus
653 1245 670 1297 2
690 1246 842 1314 legitimus
867 1248 1005 1300 senarius
1029 1248 1054 1300 si
1073 1244 1191 1317 tibique
1295 1264 1300 1279 ⁴

173 1316 366 1369 substitueris

652 1478 714 1541 133

172 1616 315 1699 Quisque
338 1617 535 1701 praeteriens
558 1618 684 1682 titulum
709 1620 861 1684 scribtum
885 1621 1012 1703 legeris,

173 1730 277 1789 tactus
301 1724 424 1808 pietate
447 1723 509 1789 hoc
533 1745 667 1809 praecor
690 1733 725 1790 ut
749 1724 856 1791 dieas:
881 1727 1040 1810 Ianuaria,
1065 1727 1107 1791 sit
1129 1727 1190 1792 tibi

943 1841 1030 1899 terra
1052 1834 1142 1898 leuis.

243 2007 355 2061 Renier
374 2009 463 2061 inser.
482 2006 583 2078 Alger.
598 2008 658 2074 782,
679 2007 751 2063 CIL.
764 2009 835 2063 VIII
848 2010 918 2064 3727
1009 2010 1187 2065 Lambaese.

172 2080 394 2147 praescriptum
418 2080 447 2133 77.
466 2080 507 2131 M.
528 2079 682 2146 emeram),
709 2082 847 2148 sequitur
871 2079 954 2135 7777777
972 2080 1065 2135 anais
1084 2083 1190 2137 LXV:

172 2148 272 2203 iulias
292 2150 412 2203 Messoa
436 2148 560 2219 7777777797
585 2153 612 2204 77
635 2149 697 2203 Iuli
720 2151 824 2219 Rafris
848 2154 875 2205 77
897 2151 1067 2206 Ianuarias
1092 2150 1190 2206 matri

171 2218 332 2288 piissimae
350 2220 511 2288 seaeraat)

245 2292 259 2343 1
280 2293 406 2345 restitue
426 2289 569 2360 quisquis
677 2293 694 2345 2
714 2294 852 2346 senarius
871 2294 915 2346 sie
934 2295 1033 2362 potuIt
1046 2294 1188 2347 concludi

173 2361 260 2417 dicas
278 2361 355 2417 7777777
374 2363 451 2430 777777,
477 2365 513 2415 cf.
535 2362 606 2418 CIL.
626 2363 656 2416 II
674 2364 753 2417 3266.
786 2365 1020 2432 frequentarunt
1039 2364 1188 2419 Lambae-

173 2435 262 2488 sitani
286 2436 319 2488 777
344 2431 398 2502 qai
422 2431 498 2503 lepis
523 2432 572 2488 7777
591 2433 632 2488 sii
656 2437 674 2488 7.
695 2437 713 2487 t.
733 2436 751 2487 7.
772 2434 823 2488 uel
846 2433 874 2488 si
893 2434 943 2488 cai
962 2433 1054 2489 titula
1073 2435 1189 2505 7797777,

173 2503 256 2558 dicat
280 2521 341 2573 pro
365 2503 496 2573 pietate:
525 2504 704 2575 Ropat(iaa)
728 2509 794 2559 tera
817 2504 874 2560 tibi
897 2505 996 2573 lauis)
1022 2506 1080 2561 siet
1103 2507 1187 2571 (CIL.

172 2576 243 2629 VIII
262 2576 344 2642 4122)
364 2582 394 2629 et
413 2577 521 2630 similia

244 2664 300 2715 par
324 2649 373 2700 isti
397 2649 503 2716 cippus
528 2649 576 2700 hie
599 2653 644 2701 est
662 2648 916 2703 Lambaesitanus
937 2649 1009 2704 CIL.
1028 2649 1099 2703 VIII
1116 2649 1191 2702 4120

173 2719 202 2772 77.
223 2719 265 2771 M.
285 2733 308 2771 s,
329 2717 428 2787 quisq.
444 2717 616 2786 9777777777
635 2718 712 2772 reor.
731 2718 850 2787 scripta
868 2719 986 2791 leporis,
1009 2723 1107 2775 tactas
1121 2720 1189 2788 pie·

173 2791 233 2842 tate
248 2804 360 2857 977777
378 2792 413 2842 at
432 2788 535 2844 dicas.-
554 2791 681 2858 Doaate,
702 2790 743 2845 sit
760 2789 816 2845 tibi
835 2793 919 2845 77777
937 2790 1014 2846 leuis

650 3006 714 3069 134

172 3145 207 3210 C.
239 3146 401 3230 Gargilius
433 3148 580 3212 Haemon
612 3148 739 3213 Proculi
772 3147 916 3232 Philagri
950 3148 1016 3212 diui
1049 3148 1132 3230 Aug.
1164 3147 1188 3211 l.

279 3253 570 3339 Α977997777777717>
594 3255 816 3340 paedagogus,
841 3255 927 3320 idem
951 3255 1109 3336 l(ibertus)

170 3360 243 3444 pius
267 3366 300 3425 et
323 3368 453 3426 sanetus
476 3363 543 3426 uixi
568 3383 662 3445 quam
687 3361 742 3426 diu
766 3363 856 3447 potui

170 3467 238 3532 sine
261 3468 328 3551 lite,
353 3467 422 3533 sine
445 3469 526 3552 rixa,
550 3471 618 3535 sine
642 3469 867 3552 controuersia,
892 3469 961 3533 sine
978 3488 1052 3533 aere
1068 3467 1185 3552 alieno,

144 3574 281 3640 samicis
303 3574 401 3640 fidem
424 3576 540 3641 bonam
564 3578 722 3662 praestiti,
