2644 3884
130 158 182 212 148
568 171 707 239 oncrum

130 317 270 385 officium
293 318 415 403 pariter
437 320 731 404 spectantesiussa
754 319 893 404 tyranni,

63 408 68 417 ’
129 426 313 510 praeceptis
335 426 483 511 pulsante
506 432 593 492 metu
616 426 736 492 seruire
759 426 875 511 parati.

129 531 212 596 mira
234 530 315 597 fides
337 550 458 597 rerum:
482 534 587 598 subito
610 552 746 618 posuere
769 533 920 616 furorem,

105 639 276 703 aconuersi
299 638 435 722 fugiunt,
460 638 550 704 ducis
573 638 672 724 impia
696 644 802 705 castra
825 624 1017 723 relinquunt,

129 744 289 830 proiciunt
313 746 444 831 clypeos
467 745 586 811 faleras
610 747 706 829 telaq.
731 752 872 829 omenta,

131 851 266 918 confessi
291 851 435 936 gaudent
459 852 579 918 Christi
602 838 940 938 portaretriumphos.

131 958 254 1025 credite
276 980 334 1045 per
357 961 541 1043 Damasum,
565 959 667 1045 possit
690 959 768 1043 quid
791 960 896 1044 gloria
917 960 1048 1026 Christi.

202 1137 289 1191 Rossi
308 1138 397 1191 inser.
418 1138 517 1191 christ.
537 1136 620 1190 Rom.
640 1136 669 1190 Il
684 1137 743 1204 101,
757 1137 792 1191 20
811 1153 850 1192 ex
869 1137 994 1207 syllogis
1013 1138 1149 1205 antiquis

42 1210 51 1224 '
131 1209 229 1263 tribus
341 1209 474 1277 elogium
494 1207 712 1262 Damasianum
733 1208 823 1263 Nerei
843 1214 873 1264 et
891 1208 1017 1263 Achillei
1036 1213 1147 1277 marty-

131 1295 199 1333 rum
215 1280 297 1348 quod
311 1281 369 1333 fuit
381 1281 413 1333 in
426 1281 608 1334 coemeterio
619 1279 793 1334 Domitillae
805 1281 857 1334 uia
869 1279 1045 1347 Ardeatino,
1060 1280 1150 1333 cuius

131 1351 285 1420 fragmina
304 1365 403 1420 nuper
422 1350 483 1404 duo
503 1350 667 1405 eruderata
690 1357 769 1404 sunt.
806 1351 925 1406 Nereus
949 1355 977 1406 61
994 1349 1149 1405 Achilleus

132 1423 291 1546 111αὲ111611
309 1422 538 1546 gffiescriptum.
583 1437 664 1490 papa
688 1421 803 1476 Romae
827 1421 978 1477 Damasus
1002 1422 1079 1476 sedit
1106 1422 1149 1475 ab

133 1509 160 1546 a.
215 1493 270 1545 66

204 1563 221 1617 6
240 1563 344 1617 611616
363 1563 546 1617 emendabat
565 1561 678 1619 Gruter
697 1563 775 1629 1171,
794 1564 811 1617 6
829 1564 882 1619 sed
901 1579 984 1634 ..aq
1005 1564 1151 1634 apparuit

132 1651 164 1688 m
183 1650 335 1689 marmore

609 1760 675 1826 305

132 1886 286 1952 Extremo
309 1886 447 1951 tumulus
470 1885 565 1951 latuit
587 1886 645 1951 sub
669 1906 790 1969 aggere
814 1887 940 1952 montis.

132 1992 217 2057 hunc
232 1993 392 2058 Damasus
414 1998 579 2076 monstrat,
604 1999 711 2058 seruat
735 1992 820 2076 quod
843 1993 986 2058 membra
1008 1993 1146 2077 piorum.

132 2106 165 2165 te
188 2100 318 2164 Protum
342 2100 460 2164 retinet
482 2098 596 2164 melior
618 2098 681 2164 sibi
703 2100 796 2183 regia
819 2101 910 2182 caeli,

131 2207 287 2291 sanguine
310 2225 469 2290 purpureo
493 2206 644 2288 sequeris,
669 2205 839 2288 Yacinthe,
863 2188 1027 2290 probatus.

107 2314 276 2398 agermaui
298 2313 425 2392 fratres,
448 2312 564 2378 animis
586 2313 770 2396 ingentibus
794 2313 899 2394 ambo,

131 2420 185 2486 hic
207 2420 312 2486 uictor
335 2421 450 2485 meruit
472 2420 622 2504 palmam,
646 2419 734 2504 prior
756 2418 810 2483 ille
834 2438 994 2483 coronam.

203 2597 290 2651 Rossi
309 2598 399 2651 inser.
419 2597 518 2650 christ.
538 2596 623 2650 Rom.
642 2595 733 2663 1130,
754 2595 789 2649 12
813 2599 844 2649 61
862 2593 923 2659 104,
941 2593 975 2647 41
1000 2609 1039 2649 ex
1059 2593 1150 2648 codd.

131 2668 313 2723 Einsidlensi
333 2672 363 2723 et
380 2667 519 2721 Palatino
621 2667 679 2719 fuit
698 2668 729 2720 in
748 2675 856 2736 crypta
868 2665 952 2720 Proti
972 2671 1001 2720 et
1016 2665 1148 2735 Hyacin-

131 2741 174 2793 thi
193 2740 245 2792 uia
267 2738 422 2806 Pinciana‚
447 2737 570 2791 dimidia
593 2738 658 2792 fere
682 2753 753 2807 pars
778 2742 863 2792 extat
851 2738 934 2791 ttlit
936 2738 995 2792 eris
1013 2737 1150 2791 Philoea·

132 2811 221 2864 lianis
239 2810 383 2864 marmori
401 2810 498 2863 incisa
515 2811 548 2862 in
567 2823 604 2862 ss
625 2807 776 2872 Quattuor
796 2808 929 2863 Coronat
917 2813 1017 2863 torum

203 2880 221 2934 4
239 2882 330 2934 etiam
349 2880 448 2934 loculo
459 2879 592 2949 Hyacint
580 2880 634 2933 thi
638 2881 816 2949 inscriptum
830 2885 875 2934 est
864 2878 996 2933 thcint
985 2880 1054 2933 111111
1067 2894 1151 2933 mar-

166 2968 191 3019 r,
212 2967 273 3020 qua
293 2950 331 3004 de
350 2953 501 3031 scriptura
519 2951 556 3004 cf.
577 2950 667 3005 GLK
680 2950 880 3031 Vllpaaer
898 2951 931 3005 81
1040 2950 1090 3004 bs
1110 2950 1147 3002 61.

132 2955 308 3104 lyergiliana
328 3024 415 3076 ambo
433 3019 556 3089 animis,
575 3019 690 3075 ambo
677 2968 816 3092 obsignes
825 3018 1027 3090 praestantib.
1041 3019 1151 3088 armis,

134 3092 183 3149 bie
197 3092 265 3162 piet
253 3095 312 3147 tate
327 3092 420 3162 prior

603 3219 674 3302 ,ooo

132 3343 196 3410 Hic
219 3343 383 3410 habitasse
406 3345 494 3429 prius
517 3345 701 3425 s(an)e<t)os
724 3362 919 3426 cognoscere
943 3340 1052 3425 debes,

132 3450 262 3517 nomina
286 3450 389 3534 quisq.
413 3450 502 3515 Petri
524 3450 646 3535 pariter
669 3449 795 3532 Pauliq.
819 3448 964 3532 requiris.

132 3557 307 3642 discipulos
320 3556 436 3649 ‚oriens
458 3557 554 3640 misit,
579 3555 665 3639 quod
688 3563 802 3639 sponte
825 3554 979 3621 fatemur:
1009 3638 1014 3649 ψ
