2634 3892
9 244 12 309 i

165 115 219 171 338
602 129 741 170 osonum

238 274 412 329 Monfaleon
428 289 503 328 mus.
516 273 617 344 Lugd.
629 275 690 343 104,
700 275 754 330 508
772 274 886 331 Allmer
908 282 938 331 et
949 276 1078 332 Dissard
1095 278 1186 334 inser.

168 347 207 401 ds
225 346 313 415 Lyon
332 345 373 399 IV
392 362 420 415 p.
435 345 487 399 124
569 361 667 400 annus
686 347 839 401 indicatur
858 347 919 414 552,
939 350 1083 417 quoniam
1104 349 1186 420 Lug-

169 418 243 472 duni
263 418 301 471 ab
321 417 437 470 IustIno
452 432 518 470 eos.
539 416 592 470 540
612 421 775 487 sequentes
795 420 867 472 anni
886 423 958 474 sunt
977 422 1186 490 pernumerati

210 543 213 551 ,
237 489 255 542 2
274 489 396 542 centeno
415 488 537 542 consule
554 488 642 543 Mart.
661 489 734 544 VIII
751 489 796 556 45,
815 489 833 543 4

646 597 710 661 712

165 720 307 804 Fulgida
329 740 431 804 regna
453 726 577 805 petens,
602 720 734 786 caelesti
758 727 844 786 sorte
866 728 1001 789 uoeatus

165 825 264 893 Luois
287 825 505 891 etaetheriae
528 827 692 911 penitrans
714 826 847 911 fastigia
869 829 975 894 laetus

167 933 315 1019 Optimus
339 939 435 1015 atque
458 931 530 1017 pius
553 952 637 998 nuno
660 934 863 1000 Florentinus
887 936 919 998 in
943 936 1005 1001 isto

166 1038 357 1124 Resplendit
380 1040 498 1104 tumolo
522 1039 644 1104 meritis
667 1041 887 1106 sanctissimus
910 1042 1043 1130 abbas,

141 1146 275 1211 sEffera
299 1146 353 1229 qui
379 1144 539 1227 quondam
562 1147 692 1231 linguae
716 1145 910 1212 deserimina
934 1148 1063 1214 oaioans

165 1254 249 1334 Neq.
274 1258 385 1337 optare
409 1253 527 1316 malum
550 1250 672 1317 studuit
694 1272 756 1319 nee
779 1252 909 1318 laedere
933 1274 1133 1338 quemquam,

166 1359 294 1423 Terruit
317 1359 386 1443 ipse
409 1364 517 1423 tamen
540 1357 652 1423 taeiles
675 1358 733 1424 sed
756 1360 884 1444 publiee
907 1360 1015 1425 uerbis

48 1496 53 1506 ·
165 1466 311 1531 Iustitiae
335 1465 494 1530 tramitem
519 1485 650 1530 seruans
674 1485 745 1531 eum
768 1486 850 1551 paee
872 1474 1018 1552 paterna,

165 1572 285 1639 Nescia
308 1570 434 1636 iurandi
458 1570 603 1656 pandens
628 1572 798 1655 conloquia
822 1574 954 1639 eunetis.

130 1702 157 1742 10
166 1678 274 1744 Verba
297 1676 373 1757 dte)i
396 1678 508 1742 sollers
531 1683 600 1743 toto
624 1677 665 1742 de
688 1685 819 1762 pectore
842 1681 985 1764 promsit,

167 1784 288 1850 Sancta
312 1784 426 1865 quibus
450 1783 596 1864 d(omi)ni
620 1792 771 1850 resonant
793 1787 968 1870 praeconia
991 1806 1116 1872 semper

165 1891 272 1972 Atque
296 1889 491 1975 perassiduis
515 1891 724 1956 concentibus
746 1891 880 1956 aethera
901 1891 1067 1976 plaudent,

165 1996 257 2062 Bella
280 2016 396 2079 gerens
420 1998 526 2061 earnis
548 1991 702 2081 pestifera
725 1998 806 2063 uitia
829 2004 951 2080 eontra,

165 2103 429 2186 Belligeransque
452 2102 560 2187 palam
583 2105 769 2169 saeuissima
792 2105 916 2189 proelia
938 2104 1027 2170 uieit.

130 2230 156 2272 1⁵
165 2209 226 2274 Ast
249 2208 325 2273 hino
349 2208 436 2274 eelsa
458 2209 524 2293 poli
548 2209 679 2294 eapiens
703 2210 767 2274 iam
790 2211 933 2295 praemia
956 2211 1035 2276 felix

166 2315 357 2381 Sanctorum
381 2316 486 2380 sooius
509 2314 624 2381 fruitur
647 2336 719 2381 eum
742 2316 838 2382 laude
863 2337 1023 2383 eoronam.

165 2457 268 2529 Huius
291 2477 428 2539 namque
452 2457 513 2521 uiri
538 2478 653 2542 eorpus
676 2478 734 2542 per
758 2466 874 2523 euneta
896 2466 1057 2525 sacratum

164 2562 357 2628 Iamdudum
379 2562 550 2628 aduectum
574 2563 721 2645 d(omi)ni
746 2585 817 2629 oum
840 2564 988 2632 laudibus
1011 2568 1126 2652 amplis

166 2670 394 2735 Constantinus
418 2689 517 2735 ouans
540 2672 647 2755 posuit
669 2670 828 2736 faeliciter
850 2673 952 2738 abbas

128 2777 253 2861 soIntra
276 2775 373 2840 beata
397 2777 500 2841 erucis
524 2776 664 2842 condens
687 2776 821 2861 fastigia
843 2797 965 2862 saurae,

164 2883 322 2950 Necnon
345 2888 378 2946 et
401 2882 513 2946 tumuli
536 2883 677 2967 pretiosa
701 2885 844 2967 tegmina
866 2883 995 2951 firmans

165 2988 365 3054 Praestruxit
389 2987 493 3052 solida
517 3008 535 3052 e
560 2994 699 3054 erustato
723 3010 880 3055 marmore
904 2989 1039 3055 fulchra.

165 3093 326 3159 Adtamen
351 3095 474 3160 exaetis
497 3095 560 3159 iam
584 3102 707 3180 septem
731 3095 869 3180 denique
892 3097 1010 3180 lustris,

166 3201 304 3266 Condita
329 3221 390 3283 quo
414 3200 541 3265 fuerent
564 3201 702 3286 praefati
725 3203 869 3267 membra
892 3202 1072 3288 sepulchro,

130 3305 323 3372 rsEffulsere
346 3307 435 3372 Petri
459 3307 589 3372 tandem
613 3307 654 3373 de
677 3308 754 3374 sede
778 3309 864 3375 beati
979 3303 981 3307 ’

167 3412 257 3490 Quae
280 3415 418 3497 propriis
441 3416 562 3495 meritis
585 3415 730 3500 pandunt
754 3418 807 3482 irie
830 3418 923 3501 signa
947 3418 1059 3484 salutis

165 3517 389 3600 virtutumque
413 3520 516 3603 simul,
541 3527 707 3605 praestant
731 3529 763 3587 et
787 3523 955 3588 eommoda
977 3523 1070 3609 larga
