2634 3892
149 131 204 186 362
592 145 732 187 uacuum

223 290 306 346 Gatti
324 292 357 344 in
370 293 446 346 actis
458 293 632 362 municipal.
642 291 726 346 Rom.
739 292 809 347 1889
827 309 855 362 p.
868 293 921 348 468
940 295 992 362 qui
1011 294 1166 363 suppleuit

149 363 297 447 pleraque
401 362 565 445 1111111111
586 365 761 433 pauimento
782 365 929 418 ecclesiae
948 363 975 445 S.
994 364 1166 446 Clementis.

150 438 302 573 11111111
309 432 932 576 [tetulitiltutuslltttl
932 435 992 573 tt>
999 436 1167 576 tttlu

625 685 688 749 758

149 807 222 873 Hoc
245 808 365 874 tumulc
389 808 494 873 Baicli
518 809 696 874 conduntur
719 810 862 874 membra
884 811 1012 894 sepulti,

149 914 208 980 sed
231 915 355 999 pollens
379 915 486 979 anima
508 916 675 999 praeclaro
699 917 842 981 manebit
865 916 1030 1001 Olympo„

147 1022 265 1087 meruit
288 1021 473 1107 pontificum
498 1022 551 1104 qui
575 1023 695 1106 primus
718 1021 889 1087 uestiarius
913 1042 992 1105 esse,

149 1148 243 1212 quem
267 1135 412 1194 seruator
434 1128 500 1213 poli
524 1128 688 1193 redimiuit
712 1130 795 1194 stola
817 1131 959 1213 perenni.

61 1283 63 1287 .
124 1235 229 1301 shaec
252 1237 434 1309 Deccresus
458 1235 554 1300 amici
579 1235 725 1320 depinxit
748 1236 782 1300 11
804 1236 927 1301 uertice
951 1237 1082 1321 tymbae

95 1392 98 1397 »
142 1342 326 1425 acoluthus,
351 1362 391 1407 ne
414 1343 515 1408 lateat
539 1344 609 1425 quis
633 1343 686 1407 hic
709 1342 857 1409 humatus
882 1345 1035 1426 quiescat.

221 1519 309 1572 Rossi
329 1520 417 1572 inser.
438 1519 537 1571 christ.
549 1518 634 1572 Rom.
654 1518 786 1584 1165,16
806 1524 835 1573 et
855 1519 915 1586 107,
928 1520 963 1574 53
983 1535 1021 1574 ex
1041 1520 1169 1589 syllogis

148 1588 323 1643 Turonensi
343 1595 372 1643 et
390 1589 646 1643 Laureshamcusi
666 1588 789 1653 (Gruter
809 1591 887 1657 1173,
906 1590 933 1655 6)
1018 1592 1103 1645 locus
1122 1606 1169 1645 se-

148 1661 247 1730 pulcri
266 1661 391 1714 uidetur
410 1661 463 1713 uia
482 1660 593 1713 Latina
612 1662 707 1715 fuisse

220 1732 238 1785 3
258 1732 359 1785 omisit
378 1731 491 1785 Turcn.
593 1732 609 1785 6
629 1733 646 1784 i.
667 1732 827 1786 acoluthus

497 1895 521 1919 ‘⁴
628 1893 691 1958 759

148 2016 322 2100 Presbyter
346 2016 398 2081 hic
422 2016 524 2081 uoluit
547 2016 707 2083 Sisinnius
729 2037 848 2101 ponere
871 2018 1014 2082 membra

149 2121 295 2187 omnihus
319 2128 471 2206 acceptus
494 2124 621 2207 populis
646 2122 825 2206 dignusque
848 2123 1009 2207 sacerdos

149 2229 203 2311 qui
228 2229 324 2293 sciret
347 2235 479 2293 sanctae
504 2248 632 2295 seruare
656 2228 789 2295 foedera
812 2229 923 2295 matris

148 2333 287 2399 blandus
311 2354 420 2399 amcre
444 2334 508 2417 dei,
533 2355 660 2420 semper
684 2335 739 2417 qui
762 2336 873 2401 uiuere
896 2342 1004 2401 nosset

124 2447 382 2522 scantentusque
406 2460 462 2506 suc
486 2442 625 2507 nesciret
649 2441 759 2506 diuitis
783 2441 898 2506 aulam.

220 2615 307 2670 sossi
326 2619 416 2670 unser.
436 2618 536 2671 christ.
555 2584 783 2683 1011111111
802 2622 832 2671 et
851 2617 958 2686 11156
978 2633 1017 2673 ex
1037 2620 1167 2690 syllogus

121 2702 124 2705 ’
149 2687 283 2755 antiquis
383 2689 422 2741 ad
441 2689 557 2756 urbem,
577 2690 707 2743 tortasse
725 2690 777 2742 uia
796 2688 906 2743 Latina

626 2868 690 2932 760

147 2988 260 3054 Victor
284 3009 344 3073 ege
369 2989 530 3072 quondam
553 2991 584 3054 11
609 2998 734 3057 matura
757 2999 864 3058 aetate
888 2992 992 3058 defeci

148 3102 276 3179 ereptus
300 3097 424 3180 superis
448 3097 605 3162 Tartarea
629 3097 776 3163 custodia
799 3098 902 3164 sedes.

148 3202 209 3266 etsi
231 3201 352 3267 inimici
375 3203 476 3285 multi,
501 3209 609 3268 tamen
632 3224 800 3288 superasse
823 3226 874 3270 me
898 3203 994 3269 credo

148 3308 289 3373 carendo
312 3309 448 3375 insidias
470 3304 656 3393 gemitumq.
681 3331 823 3376 meorum
846 3313 999 3377 laborum.

123 3413 293 3480 sredditus
316 3416 349 3478 11
373 3423 459 3481 terra
483 3435 598 3500 corpus
622 3418 673 3481 cui
696 3419 765 3482 uita
787 3417 930 3494 herebat,

146 3519 305 3602 splirituls
329 3523 498 3605 animaque
521 3544 594 3589 mea
618 3530 756 3608 expecta
779 3524 832 3589 die
856 3525 968 3589 ultimo
992 3543 1103 3589 causa.
