2648 3886
171 124 224 177 306
606 138 745 179 unorum
784 144 787 149 ·

172 287 235 337 stra
254 289 341 352 parte
360 285 457 339 uerba
470 285 608 353 plurima,
628 284 737 339 dextra
750 285 781 337 in
794 285 898 353 primis
911 283 1052 337 uersibus
1065 298 1185 353 paucae

171 355 290 409 litterae
301 355 419 422 desunt,
429 360 464 409 ut
476 356 658 425 subscriptio
670 356 801 409 ostendit
812 396 818 408 .
829 395 835 408 .
846 394 852 408 .
863 355 919 409 snb
932 352 1018 409 ascia
1031 353 1188 410 dedicauit

243 426 258 478 1
277 426 408 481 nomen?
427 425 562 481 canosa?
662 426 680 479 2
699 442 849 481 annorum
868 441 1028 500 numerum
1047 425 1140 481 uoltis
1158 425 1188 481 si

172 496 258 564 scire,
279 496 486 567 quadrimus?
626 498 645 551 3
663 502 800 552 extrema
819 497 919 551 littera
938 497 960 550 d
978 512 1045 551 esse
1064 498 1187 552 uidetur

171 570 270 638 magis
290 584 381 638 quam
399 584 431 624 na
537 568 554 623 5
573 571 585 622 t
603 572 674 622 ante
693 567 980 623 aibeusMonfalcon
998 583 1074 622 mus.
1085 568 1187 638 Lugd.

172 640 214 707 92,
226 639 287 694 352.
317 640 463 695 occidisse
482 640 604 694 uidetur
623 641 654 692 in
673 640 797 694 flumine
811 639 883 692 dum
895 640 960 708 ipss
975 645 1029 693 aut
1043 643 1187 708 parentes

171 711 298 764 Romam
317 712 447 766 tendunt
606 711 623 764 7
642 712 773 765 fortasse
793 711 1031 764 continuabatur
1050 708 1186 765 insontia

167 783 277 851 planes
352 784 407 837 stab
422 783 553 836 Tartara
571 782 621 836 uel
640 782 683 836 ud
699 782 729 835 Τ.
747 780 841 836 mittit
858 781 909 836 uel
927 779 1000 836 misi
1009 781 1188 851 Vergiliana

649 908 714 973 646

172 1015 236 1080 Hic
258 1014 339 1080 situs
361 1016 394 1078 in
416 1014 537 1080 tumulo
561 1015 688 1098 genitus
710 1034 889 1096 nomenque
912 1013 1070 1097 Valerius,

172 1122 349 1187 Antoninos
372 1121 510 1203 subules,
534 1121 601 1186 uixi
625 1120 675 1187 bis
698 1127 847 1207 septenos
870 1123 903 1185 in
927 1119 1029 1203 annis,

174 1234 207 1293 et
228 1229 331 1313 patris
354 1233 389 1293 ut
411 1247 527 1292 nomen
550 1224 703 1312 tuler(im)
727 1233 858 1310 rogatus
881 1227 995 1310 Aetne,

173 1340 222 1400 set
245 1335 374 1417 genitus
396 1333 548 1415 brebiter,
571 1334 672 1398 uoluit
694 1353 746 1399 me
769 1333 881 1398 tollere
904 1333 1014 1398 Fatus.

245 1473 362 1528 Notizie
382 1472 410 1526 d.
430 1475 514 1527 soavi
533 1473 603 1527 1892
622 1490 650 1542 p.
665 1473 718 1527 190
737 1473 832 1528 deser.
851 1473 983 1528 Vivanet
1090 1488 1189 1543 prope

174 1545 314 1599 Tharron
341 1546 372 1596 in
399 1560 453 1598 ora
478 1542 636 1598 Sardiniae
662 1546 834 1614 rupinaque
858 1546 1018 1598 inuentum
1045 1560 1187 1599 marmor.

174 1617 396 1686 praescriptum
415 1615 443 1669 d.
464 1615 506 1668 M.

247 1687 261 1739 1
280 1688 298 1739 i.
318 1691 409 1740 natus
427 1686 528 1740 Valeri
628 1686 645 1739 2
665 1686 771 1741 debuit
789 1702 888 1741 annos
907 1691 961 1750 aut
979 1684 1112 1755 septenis

175 1759 224 1812 3s.
243 1758 412 1824 ἀσύντακτα,
431 1759 466 1810 ni
478 1759 545 1827 regi
557 1758 681 1812 uidetur
694 1774 712 1811 a
726 1760 853 1828 rogatus
872 1760 952 1825 (cum
965 1758 1060 1826 patris
1076 1772 1191 1812 nomen

174 1830 246 1883 mihi
266 1843 413 1898 arrogare
432 1828 545 1883 uellent
564 1829 681 1896 occidi),
701 1834 765 1884 tum
785 1829 891 1883 debuit
909 1826 1046 1899 genitum

652 1957 715 2021 647

174 2063 274 2129 Disce
298 2065 431 2146 quisque
454 2063 526 2148 pius
549 2068 642 2147 pater
665 2083 699 2127 es
722 2062 774 2128 uel
797 2068 899 2127 mater
923 2082 984 2144 que
1007 2063 1190 2146 generasti:

175 2175 269 2235 natos
292 2168 411 2235 habere
434 2170 520 2234 bonu
544 2176 602 2253 est,
626 2169 654 2235 si
676 2189 741 2235 non
763 2170 827 2235 sint
850 2167 961 2234 inuida
984 2169 1062 2233 fata.

176 2277 223 2342 sie
246 2277 305 2342 tibi
326 2297 390 2341 non
413 2277 519 2361 rapiat
541 2296 626 2342 mors
648 2274 759 2340 inuida
783 2283 849 2341 tam
873 2275 937 2340 cito
960 2281 1064 2358 natos,

175 2389 210 2447 ut
233 2383 313 2448 meis
337 2389 433 2466 atque
456 2384 520 2448 tuis
543 2382 650 2467 dignis
673 2382 745 2448 leue
768 2388 854 2447 terra
876 2381 1028 2467 preceris,

152 2495 210 2555 sut
232 2510 317 2555 mors
340 2490 372 2554 in
396 2489 517 2555 uoltum
540 2491 631 2555 uiuat
653 2508 842 2574 semperque
866 2490 1000 2554 colatur.

171 2667 179 2683 .
220 2596 331 2661 Aelius
354 2596 558 2662 Marcellinus
580 2601 674 2681 pater
696 2595 761 2661 filio
784 2596 984 2661 Felicissimo

175 2701 238 2768 hoc
261 2722 322 2785 ego
345 2702 408 2768 feci
431 2704 523 2786 bene,
547 2703 575 2769 si
599 2702 676 2786 quid
699 2704 828 2789 sapiunt
851 2702 955 2769 inferi.

247 2822 319 2880 CIL.
338 2824 379 2880 Vl
398 2825 484 2878 10731
506 2825 601 2880 deser.
620 2825 755 2893 Hermen,
775 2824 849 2880 Gori
866 2825 880 2878 Ι
900 2824 960 2893 157,
983 2824 1017 2879 85
1093 2825 1193 2881 Roma

175 2896 356 2949 translatum
365 2895 557 2964 Florentiam,
577 2897 748 2951 litteratura
771 2912 808 2951 ea
826 2898 934 2964 inqua
952 2913 974 2950 a
992 2897 1193 2951 corrotunda-

176 2971 234 3020 tur.
267 2968 488 3036 praescriptum
513 2972 557 3022 est
581 2968 610 3021 d.
630 2967 681 3034 M,
702 2983 824 3022 carmen
842 2969 874 3021 in
894 2968 1063 3022 orationem
1081 2969 1194 3023 transit

175 3043 271 3092 metro
290 3054 353 3092 non
372 3038 556 3107 adstrictam,
578 3040 637 3093 nisi
657 3038 739 3108 qnod
758 3043 895 3093 extrema
919 3054 1017 3108 paens
1037 3040 1195 3095 senarium

176 3108 424 3235 αθφιῧηᾶᾙξὶὲζιῖ.
448 3114 517 3178 post
534 3108 630 3179 inferi
649 3112 786 3178 sequitur
800 3107 854 3180 qni
870 3107 953 3164 uiuit
965 3108 1058 3164 annis
1069 3110 1102 3162 X
1110 3125 1194 3165 men-

176 3194 224 3234 ses
312 3195 355 3234 ies
822 3197 828 3215 ·
940 3199 947 3214 2

248 3251 264 3302 1
284 3248 365 3305 disce
384 3267 439 3331 pro
459 3249 566 3306 discite
585 3253 789 3322 substitutum,
809 3251 1025 3320 interpolatum
1043 3253 1141 3306 mater

211 3321 230 3372 4
253 3318 359 3390 dignis
381 3321 447 3391 isne
466 3321 539 3377 CIL.
563 3320 727 3377 dionisiluc
747 3321 829 3378 Gori.
864 3322 978 3377 scilicet
997 3323 1116 3391 laudnt)
1135 3324 1197 3377 icr-

177 3391 267 3457 rabn)
290 3459 296 3471 ⁸
368 3393 461 3447 bhoc
480 3395 647 3448 membrum
668 3408 849 3464 suspensum
869 3394 994 3449 uidetur
1013 3410 1053 3450 ex
1075 3410 1106 3449 u.
1124 3394 1144 3447 4
1163 3401 1195 3450 et

175 3476 326 3528 preceris:
356 3465 408 3530 qui
431 3466 542 3518 mortui
564 3467 674 3519 uiuant
696 3466 728 3518 in
755 3466 843 3521 uoltu
866 3470 929 3519 tam
951 3466 1045 3521 infixo
1075 3468 1195 3536 pectori

179 3547 270 3599 quam
289 3547 435 3601 expresso
455 3550 511 3604 per
529 3537 618 3605 signa
