2644 3884
593 147 684 186 IAMBI

612 331 675 395 176

132 469 238 554 Oppia
262 470 410 537 Oalsiene
433 479 536 538 mater
558 472 622 537 feei
645 472 730 537 filiae
753 491 854 554 meae,

132 576 218 660 quod
242 597 378 660 aequom
401 579 506 645 fuerat
529 580 596 644 filia
619 578 681 644 hoo
704 579 825 645 faceret
848 579 948 664 mih[i.

204 753 276 809 CIL.
296 755 324 808 X
343 756 414 810 5745
433 771 472 810 ex
485 756 621 809 Manutio
722 757 754 808 in
774 771 850 836 agro
870 754 996 810 Sorano.
1046 771 1148 810 raece-

131 825 175 880 dit
201 826 230 880 d.
250 826 291 879 M.
312 843 344 890 s.‚
374 829 511 896 sequitur
535 827 615 879 filiae
638 842 750 881 nomen
773 825 906 881 Vitelliae
930 826 1007 895 L.f.
1055 824 1147 880 ulliae

131 898 230 966 qluae)
249 896 354 962 uliocit)
373 914 400 950 a.
413 898 492 951 XXI
507 903 537 952 et
555 898 655 950 mariti
674 899 748 951 eius.
780 896 924 953 Cassiani
938 899 1015 952 coni.
1026 899 1148 952 Momm-

131 984 193 1023 sen.
214 968 352 1037 exemplo
373 969 468 1022 tuisse
487 974 576 1038 putes
597 969 679 1038 quod
697 984 826 1050 aequom
842 970 948 1039 fuerat
963 967 1030 1040 filia
1048 972 1083 1023 ut
1099 969 1147 1038 fa·

130 1043 208 1094 cerat
225 1037 310 1106 mibi,
330 1040 385 1094 boc
403 1037 557 1093 inmature
575 1042 674 1094 mater
689 1041 751 1109 feei
767 1039 850 1110 filiae

610 1220 671 1284 177

202 1359 351 1413 formulae
372 1358 463 1412 modo
483 1358 598 1412 relatae
617 1373 726 1412 uersus
745 1358 762 1411 2
781 1360 880 1438 potuit
903 1360 1070 1429 permutari
1089 1360 1147 1413 hoo

348 1444 432 1483 mors
450 1427 628 1494 intercessit,
646 1427 710 1498 filio
728 1429 802 1497 fecit
816 1433 916 1497 pater.

131 1516 203 1554 nam
222 1499 294 1554 CIL.
314 1500 342 1553 X
359 1500 430 1553 3142
448 1500 581 1554 Puteolis
601 1500 772 1554 Vmbrieiae
794 1500 896 1555 Iustae
920 1516 1069 1554 annorum
1092 1501 1148 1555 XV

128 1574 274 1641 parentes
290 1569 372 1641 filiae
391 1569 667 1640 incomparab(ili):
696 1572 779 1640 quod
794 1569 884 1640 filiila
898 1570 1082 1641 pareatibus
1099 1572 1147 1640 fa-

132 1658 197 1696 eere
210 1641 320 1710 debuit,
337 1658 420 1697 mors
433 1641 611 1709 intercessit,
628 1641 711 1712 filiae
721 1643 861 1711 fecerunt
869 1646 1016 1712 parentes
1029 1648 1059 1697 et
1073 1641 1147 1697 Gori

132 1716 220 1768 inser.
240 1714 301 1767 Etr.
321 1714 335 1766 Ι
354 1713 415 1778 149,
434 1715 468 1767 61
487 1713 660 1768 Florentiae
673 1714 714 1766 M.
730 1711 896 1782 Vipsanius
906 1713 959 1782 Sp.
976 1711 1147 1784 fiLatirius

131 1782 214 1839 uincit
233 1800 314 1839 uario
333 1785 366 1838 I:
383 1783 466 1854 fitius
483 1785 586 1853 facere
606 1785 688 1855 quod
709 1786 853 1839 debuerat
868 1783 963 1855 patri,
987 1783 1147 1840 1111111111-

132 1871 194 1925 quo
213 1854 390 1922 intercessit,
407 1854 472 1926 filio
489 1855 564 1926 fecit
578 1860 673 1926 pater

608 2036 671 2100 178

200 2177 436 2244 frequentantur
454 2177 486 2229 iu
512 2178 714 2230 monumentis
738 2176 851 2230 Italicis
875 2176 1044 2229 sententiae
1069 2176 1147 2229 tales

131 2246 202 2302 CIL.
222 2247 264 2300 XI
281 2247 352 2300 4027
379 2247 518 2315 fecererat
539 2250 687 2315 parentes
709 2245 801 2300 buius
825 2249 898 2316 quot
916 2244 983 2314 ipse
1003 2246 1147 2300 debuerat

129 2318 231 2387 facere
246 2315 437 2387 pareatibus,
459 2317 584 2372 718054
603 2319 685 2387 quod
704 2321 737 2371 tu
755 2315 799 2371 mi
819 2318 945 2371 debebas
963 2317 1073 2385 facere,
1093 2333 1146 2386 eqo

131 2386 187 2444 tibi
207 2387 292 2458 facio
314 2393 412 2444 mater
431 2387 497 2459 pie,
528 2389 616 2443 16709
641 2390 724 2458 quod
746 2405 765 2441 a
784 2391 811 2442 te
829 2386 906 2442 mibi
922 2386 998 2457 fieri,
1027 2386 1146 2458 abacto,

102 2519 105 2525 ,
130 2458 241 2530 iniqua
251 2461 381 2529 fortuna
394 2458 518 2527 inuidit,
538 2461 593 2515 boe
611 2476 665 2529 eye
679 2458 735 2514 tibi
746 2457 808 2528 feci
820 2462 919 2514 mater
930 2457 1147 2528 infelicissima

201 2531 343 2586 Treueris
369 2547 442 2586 arae
467 2532 628 2601 sepulcrali
653 2532 831 2600 inscriptum
855 2536 908 2598 est,
932 2531 1060 2585 Hettner
1084 2546 1145 2584 mo-

129 2617 212 2656 num.
231 2603 289 2671 lap.
309 2602 399 2656 Treu.
420 2602 462 2668 84,
483 2603 536 2657 168

230 2672 323 2743 quo[d
344 2677 377 2727 te
395 2671 527 2754 ne9]asti
544 2670 652 2736 mlilbi,
672 2671 811 2742 ι41111111
830 2671 938 2727 Artiao
955 2671 1019 2743 filio

229 2748 327 2799 mater
340 2742 539 2813 pientissimo
558 2742 693 2798 solicitoe
710 2743 781 2812 feci.
812 2746 881 2798 uate
1013 2780 1015 2784 ι

129 2816 183 2869 ubi
210 2816 224 2868 1
249 2821 348 2884 potest
371 2818 462 2870 etiam
482 2812 608 2884 parasti
627 2821 824 2885 (quamquam
843 2816 934 2869 distat
953 2817 1143 2884 aliquantum

130 2888 235 2941 titulus
255 2885 366 2941 Gruter
382 2886 474 2953 669‚4
492 2885 542 2942 cui
560 2890 633 2941 uota
653 2890 740 2941 erant
758 2890 792 2941 ut
807 2885 992 2956 pareatibus
1011 2885 1072 2941 ista
1087 2902 1144 2954 pa-

129 2961 221 3025 raret,
243 2959 285 3011 set
303 2973 386 3012 mors
405 2956 573 3012 immatura
596 2955 671 3026 fecit
691 2961 726 3012 ut
747 2956 886 3027 facerent
909 2961 1055 3027 parentes
1079 2955 1143 3027 filio

129 3032 236 3083 contra
255 3026 414 3095 ordinem),
432 3029 449 3082 2
468 3027 594 3084 sollicite
610 3030 701 3083 scribi
717 3030 830 3084 debuit.
859 3030 899 3082 ad
918 3029 1144 3082 similitudinem

129 3106 269 3154 ueterum
287 3101 457 3154 iamborum
477 3106 557 3154 torta
577 3117 644 3156 csse
662 3102 760 3155 uerba
779 3101 878 3155 elucet

200 3186 271 3224 rara
289 3172 362 3224 talia
382 3171 454 3226 CIL.
474 3171 620 3226 v118282
646 3173 729 3241 quod
746 3169 847 3240 neptis
867 3168 957 3224 auiae
973 3171 1078 3239 fucere
1098 3170 1144 3223 cte-

130 3242 199 3309 butt,
219 3239 295 3296 auia
311 3242 383 3310 fecit
400 3241 486 3312 nepti
504 3258 586 3309 suae,
605 3243 648 3296 IX
660 3243 714 3297 384
726 3243 775 3296 Ias
785 3242 948 3296 Ianuariae
961 3242 1058 3295 sorori
1070 3256 1145 3311 aequ

129 3311 173 3366 rui
195 3328 253 3381 aps
279 3316 307 3367 te
332 3316 525 3394 sperabam),
551 3331 633 3368 aurae
656 3312 712 3369 tibi
732 3312 801 3382 feci,
830 3315 862 3367 in
881 3314 956 3367 actis
974 3313 1042 3366 inst.
1062 3313 1144 3366 arch.

131 3384 201 3437 1862
219 3401 247 3454 p.
261 3385 296 3438 82
315 3384 499 3454 dignissimo
518 3384 610 3441 eoiuoc
628 3385 737 3453 Dafirte
754 3382 835 3453 fecit,
862 3399 916 3454 eqo
935 3381 991 3437 tibi
1010 3384 1146 3453 quodie

129 3453 174 3510 mi
190 3455 292 3524 fucere
312 3454 448 3523 dibuisti,
467 3455 511 3512 mi
529 3455 583 3528 qui
600 3454 702 3525 faciat
719 3453 821 3511 nescio
1113 3506 1117 3514 .
