<?xml version="1.0" encoding="UTF-8"?>
<!DOCTYPE html PUBLIC "-//W3C//DTD XHTML 1.0 Transitional//EN"
    "http://www.w3.org/TR/xhtml1/DTD/xhtml1-transitional.dtd">
<html xmlns="http://www.w3.org/1999/xhtml" xml:lang="en" lang="en">
 <head>
  <title>
</title>
<meta http-equiv="Content-Type" content="text/html;charset=utf-8" />
  <meta name='ocr-system' content='tesseract 3.04.00' />
  <meta name='ocr-capabilities' content='ocr_page ocr_carea ocr_par ocr_line ocrx_word'/>
</head>
<body>
  <div class='ocr_page' id='page_1' title='image "./anthologialatin00lommgoog_0151.png"; bbox 0 0 2644 3884; ppageno 0'>
   <div class='ocr_carea' id='block_1_1' title="bbox 154 109 745 206">
    <p class='ocr_par' dir='ltr' id='par_1_1' title="bbox 154 109 745 206">
     <span class='ocr_line' id='line_1_1' title="bbox 154 109 745 206; baseline -0.007 0"><span class='ocrx_word' id='word_1_1' title='bbox 154 154 210 206; x_wconf 85' lang='grc'><strong>110</strong></span> <span class='ocrx_word' id='word_1_2' title='bbox 478 109 482 116; x_wconf 27' lang='grc'><strong>1</strong></span> <span class='ocrx_word' id='word_1_3' title='bbox 582 161 745 204; x_wconf 69' lang='lat' dir='ltr'><strong>raconem</strong></span> 
     </span>
    </p>
   </div>
   <div class='ocr_carea' id='block_1_2' title="bbox 109 308 1172 1308">
    <p class='ocr_par' dir='ltr' id='par_1_2' title="bbox 109 308 1172 1308">
     <span class='ocr_line' id='line_1_2' title="bbox 149 308 1172 382; baseline -0.005 -14"><span class='ocrx_word' id='word_1_4' title='bbox 149 312 199 369; x_wconf 78' lang='lat' dir='ltr'><strong>bii</strong></span> <span class='ocrx_word' id='word_1_5' title='bbox 218 316 286 382; x_wconf 88' lang='lat' dir='ltr'><strong>post</strong></span> <span class='ocrx_word' id='word_1_6' title='bbox 305 311 426 365; x_wconf 91' lang='lat' dir='ltr'><strong>demum</strong></span> <span class='ocrx_word' id='word_1_7' title='bbox 446 309 631 378; x_wconf 88' lang='lat' dir='ltr'><strong>adscriptum</strong></span> <span class='ocrx_word' id='word_1_8' title='bbox 652 314 696 363; x_wconf 89' lang='lat' dir='ltr'><strong>cst</strong></span> <span class='ocrx_word' id='word_1_9' title='bbox 713 324 807 378; x_wconf 90' lang='lat' dir='ltr'><strong>supra</strong></span> <span class='ocrx_word' id='word_1_10' title='bbox 826 323 958 362; x_wconf 88' lang='lat' dir='ltr'><strong>uersum.</strong></span> <span class='ocrx_word' id='word_1_11' title='bbox 986 308 1101 378; x_wconf 77' lang='lat' dir='ltr'>alioqui</span> <span class='ocrx_word' id='word_1_12' title='bbox 1120 324 1172 378; x_wconf 91' lang='lat' dir='ltr'><strong>po·</strong></span> 
     </span>
     <span class='ocr_line' id='line_1_3' title="bbox 152 376 1172 449; baseline -0.006 -10"><span class='ocrx_word' id='word_1_13' title='bbox 152 389 214 439; x_wconf 87' lang='lat' dir='ltr'><strong>test</strong></span> <span class='ocrx_word' id='word_1_14' title='bbox 226 381 323 437; x_wconf 80' lang='lat' dir='ltr'><strong>uestri</strong></span> <span class='ocrx_word' id='word_1_15' title='bbox 336 380 398 448; x_wconf 81' lang='lat' dir='ltr'><strong>adi,</strong></span> <span class='ocrx_word' id='word_1_16' title='bbox 413 381 577 435; x_wconf 83' lang='lat' dir='ltr'>Mommsen</span> <span class='ocrx_word' id='word_1_17' title='bbox 597 381 745 449; x_wconf 86' lang='lat' dir='ltr'><strong>cogitauit</strong></span> <span class='ocrx_word' id='word_1_18' title='bbox 763 377 871 449; x_wconf 76' lang='lat' dir='ltr'><strong>repuli.</strong></span> <span class='ocrx_word' id='word_1_19' title='bbox 904 376 983 435; x_wconf 83' lang='lat' dir='ltr'><strong>Vibii</strong></span> <span class='ocrx_word' id='word_1_20' title='bbox 995 394 1072 449; x_wconf 86' lang='lat' dir='ltr'><strong>gens</strong></span> <span class='ocrx_word' id='word_1_21' title='bbox 1085 380 1172 434; x_wconf 91' lang='lat' dir='ltr'><strong>Pom·</strong></span> 
     </span>
     <span class='ocr_line' id='line_1_4' title="bbox 153 449 1170 526; baseline -0.003 -17"><span class='ocrx_word' id='word_1_22' title='bbox 153 457 267 526; x_wconf 87' lang='lat' dir='ltr'><strong>peiana</strong></span> <span class='ocrx_word' id='word_1_23' title='bbox 290 454 391 507; x_wconf 89' lang='lat' dir='ltr'><strong>multis</strong></span> <span class='ocrx_word' id='word_1_24' title='bbox 414 454 617 507; x_wconf 80' lang='lat' dir='ltr'><strong>monumentis</strong></span> <span class='ocrx_word' id='word_1_25' title='bbox 642 452 810 518; x_wconf 87' lang='lat' dir='ltr'><strong>nobilitata,</strong></span> <span class='ocrx_word' id='word_1_26' title='bbox 835 450 865 505; x_wconf 83' lang='lat' dir='ltr'><strong>C.</strong></span> <span class='ocrx_word' id='word_1_27' title='bbox 884 450 990 505; x_wconf 87' lang='lat' dir='ltr'>Vibius</span> <span class='ocrx_word' id='word_1_28' title='bbox 1011 449 1170 506; x_wconf 79' lang='lat' dir='ltr'><strong>Secundus</strong></span> 
     </span>
     <span class='ocr_line' id='line_1_5' title="bbox 151 522 1170 592; baseline -0.003 -13"><span class='ocrx_word' id='word_1_29' title='bbox 151 528 185 580; x_wconf 83' lang='lat'><strong>11</strong></span> <span class='ocrx_word' id='word_1_30' title='bbox 204 527 252 579; x_wconf 91' lang='lat' dir='ltr'><strong>uir</strong></span> <span class='ocrx_word' id='word_1_31' title='bbox 271 526 290 578; x_wconf 92' lang='lat' dir='ltr'><strong>i.</strong></span> <span class='ocrx_word' id='word_1_32' title='bbox 310 525 339 577; x_wconf 87' lang='lat' dir='ltr'><strong>d.</strong></span> <span class='ocrx_word' id='word_1_33' title='bbox 358 539 439 578; x_wconf 88' lang='lat' dir='ltr'><strong>anno</strong></span> <span class='ocrx_word' id='word_1_34' title='bbox 458 523 493 577; x_wconf 80' lang='grc'><strong>66</strong></span> <span class='ocrx_word' id='word_1_35' title='bbox 513 523 596 587; x_wconf 83' lang='lat' dir='ltr'><strong>(CIL.</strong></span> <span class='ocrx_word' id='word_1_36' title='bbox 615 523 644 576; x_wconf 93' lang='lat' dir='ltr'>X</span> <span class='ocrx_word' id='word_1_37' title='bbox 662 523 726 585; x_wconf 83' lang='grc'><strong>826)</strong></span> <span class='ocrx_word' id='word_1_38' title='bbox 847 522 978 576; x_wconf 77' lang='grc'><strong>216666</strong></span> <span class='ocrx_word' id='word_1_39' title='bbox 997 528 1170 592; x_wconf 83' lang='lat' dir='ltr'><strong>correptum</strong></span> 
     </span>
     <span class='ocr_line' id='line_1_6' title="bbox 151 595 1170 662; baseline -0.003 -11"><span class='ocrx_word' id='word_1_40' title='bbox 151 597 298 651; x_wconf 90' lang='lat' dir='ltr'><strong>Plautina</strong></span> <span class='ocrx_word' id='word_1_41' title='bbox 316 595 438 649; x_wconf 88' lang='lat' dir='ltr'><strong>licentia</strong></span> <span class='ocrx_word' id='word_1_42' title='bbox 457 610 551 649; x_wconf 90' lang='lat' dir='ltr'><strong>uersu</strong></span> <span class='ocrx_word' id='word_1_43' title='bbox 571 596 685 648; x_wconf 83' lang='lat' dir='ltr'><strong>luxato.</strong></span> <span class='ocrx_word' id='word_1_44' title='bbox 715 598 913 662; x_wconf 82' lang='lat' dir='ltr'><strong>expectamus</strong></span> <span class='ocrx_word' id='word_1_45' title='bbox 927 598 1029 647; x_wconf 86' lang='lat' dir='ltr'><strong>autem</strong></span> <span class='ocrx_word' id='word_1_46' title='bbox 1038 608 1099 661; x_wconf 89' lang='lat' dir='ltr'><strong>pro</strong></span> <span class='ocrx_word' id='word_1_47' title='bbox 1112 609 1170 648; x_wconf 82' lang='lat' dir='ltr'><strong>sce·</strong></span> 
     </span>
     <span class='ocr_line' id='line_1_7' title="bbox 149 662 1170 738; baseline -0.003 -16"><span class='ocrx_word' id='word_1_48' title='bbox 149 671 225 738; x_wconf 77' lang='lat' dir='ltr'><strong>ptro</strong></span> <span class='ocrx_word' id='word_1_49' title='bbox 249 665 425 722; x_wconf 78' lang='lat' dir='ltr'><strong>mutuatum</strong></span> <span class='ocrx_word' id='word_1_50' title='bbox 450 666 500 721; x_wconf 91' lang='lat' dir='ltr'><strong>uel</strong></span> <span class='ocrx_word' id='word_1_51' title='bbox 527 670 561 719; x_wconf 90' lang='lat' dir='ltr'><strong>ut</strong></span> <span class='ocrx_word' id='word_1_52' title='bbox 586 666 759 734; x_wconf 83' lang='lat' dir='ltr'><strong>corrigatur</strong></span> <span class='ocrx_word' id='word_1_53' title='bbox 781 678 890 717; x_wconf 91' lang='lat' dir='ltr'><strong>uersus</strong></span> <span class='ocrx_word' id='word_1_54' title='bbox 915 680 978 719; x_wconf 81' lang='grc'><strong>666</strong></span> <span class='ocrx_word' id='word_1_55' title='bbox 995 662 1065 718; x_wconf 87' lang='lat' dir='ltr'><strong>ideo</strong></span> <span class='ocrx_word' id='word_1_56' title='bbox 1088 680 1170 734; x_wconf 83' lang='lat' dir='ltr'><strong>scep-</strong></span> 
     </span>
     <span class='ocr_line' id='line_1_8' title="bbox 150 733 1171 804; baseline -0.004 -10"><span class='ocrx_word' id='word_1_57' title='bbox 150 743 239 794; x_wconf 86' lang='lat' dir='ltr'><strong>trum</strong></span> <span class='ocrx_word' id='word_1_58' title='bbox 251 740 414 792; x_wconf 79' lang='lat' dir='ltr'><strong>tenderunt</strong></span> <span class='ocrx_word' id='word_1_59' title='bbox 426 735 461 791; x_wconf 76' lang='lat' dir='ltr'><strong>iri</strong></span> <span class='ocrx_word' id='word_1_60' title='bbox 477 752 572 792; x_wconf 80' lang='lat' dir='ltr'><strong>manu</strong></span> <span class='ocrx_word' id='word_1_61' title='bbox 590 733 773 789; x_wconf 76' lang='lat' dir='ltr'><strong>motorium.</strong></span> <span class='ocrx_word' id='word_1_62' title='bbox 802 735 965 804; x_wconf 87' lang='lat' dir='ltr'><strong>Priapeum</strong></span> <span class='ocrx_word' id='word_1_63' title='bbox 984 735 1019 789; x_wconf 82' lang='grc'><strong>25</strong></span> <span class='ocrx_word' id='word_1_64' title='bbox 1033 736 1071 790; x_wconf 94' lang='lat' dir='ltr'><strong>de</strong></span> <span class='ocrx_word' id='word_1_65' title='bbox 1089 751 1171 791; x_wconf 86' lang='lat' dir='ltr'><strong>men·</strong></span> 
     </span>
     <span class='ocr_line' id='line_1_9' title="bbox 155 804 1171 880; baseline -0.004 -15"><span class='ocrx_word' id='word_1_66' title='bbox 155 812 220 865; x_wconf 87' lang='lat' dir='ltr'><strong>tula</strong></span> <span class='ocrx_word' id='word_1_67' title='bbox 239 812 394 878; x_wconf 76' lang='lat' dir='ltr'><strong>sceptrum</strong></span> <span class='ocrx_word' id='word_1_68' title='bbox 413 809 496 880; x_wconf 84' lang='lat' dir='ltr'><strong>quod</strong></span> <span class='ocrx_word' id='word_1_69' title='bbox 515 805 643 877; x_wconf 82' lang='lat' dir='ltr'><strong>quidam</strong></span> <span class='ocrx_word' id='word_1_70' title='bbox 660 804 789 875; x_wconf 79' lang='lat' dir='ltr'><strong>cupierit</strong></span> <span class='ocrx_word' id='word_1_71' title='bbox 800 808 899 860; x_wconf 81' lang='lat' dir='ltr'><strong>tenere</strong></span> <span class='ocrx_word' id='word_1_72' title='bbox 911 820 997 876; x_wconf 72' lang='lat' dir='ltr'><strong>repes</strong></span> <span class='ocrx_word' id='word_1_73' title='bbox 1087 807 1171 861; x_wconf 77' lang='grc'><strong>366-</strong></span> 
     </span>
     <span class='ocr_line' id='line_1_10' title="bbox 150 878 1170 947; baseline -0.005 -11"><span class='ocrx_word' id='word_1_74' title='bbox 150 897 309 937; x_wconf 90' lang='lat' dir='ltr'><strong>merorum</strong></span> <span class='ocrx_word' id='word_1_75' title='bbox 329 895 421 934; x_wconf 88' lang='lat' dir='ltr'><strong>causa</strong></span> <span class='ocrx_word' id='word_1_76' title='bbox 442 879 476 934; x_wconf 82' lang='lat' dir='ltr'><strong>io</strong></span> <span class='ocrx_word' id='word_1_77' title='bbox 493 894 590 932; x_wconf 82' lang='lat' dir='ltr'><strong>meno</strong></span> <span class='ocrx_word' id='word_1_78' title='bbox 608 878 672 932; x_wconf 91' lang='lat' dir='ltr'><strong>tolli</strong></span> <span class='ocrx_word' id='word_1_79' title='bbox 692 893 750 947; x_wconf 82' lang='lat' dir='ltr'><strong>ego</strong></span> <span class='ocrx_word' id='word_1_80' title='bbox 770 878 918 931; x_wconf 89' lang='lat' dir='ltr'><strong>iusseram</strong></span> <span class='ocrx_word' id='word_1_81' title='bbox 939 893 1013 930; x_wconf 90' lang='lat' dir='ltr'><strong>mus.</strong></span> <span class='ocrx_word' id='word_1_82' title='bbox 1031 878 1116 932; x_wconf 90' lang='lat' dir='ltr'><strong>rhen.</strong></span> <span class='ocrx_word' id='word_1_83' title='bbox 1136 879 1170 931; x_wconf 94' lang='grc'><strong>12</strong></span> 
     </span>
     <span class='ocr_line' id='line_1_11' title="bbox 155 946 1169 1024; baseline -0.005 -16"><span class='ocrx_word' id='word_1_84' title='bbox 155 970 183 1024; x_wconf 92' lang='lat' dir='ltr'><strong>p.</strong></span> <span class='ocrx_word' id='word_1_85' title='bbox 197 954 257 1020; x_wconf 95' lang='grc'><strong>269,</strong></span> <span class='ocrx_word' id='word_1_86' title='bbox 279 952 505 1020; x_wconf 78' lang='lat' dir='ltr'><strong>Zangemeister</strong></span> <span class='ocrx_word' id='word_1_87' title='bbox 518 948 624 1003; x_wconf 85' lang='lat' dir='ltr'><strong>itidem</strong></span> <span class='ocrx_word' id='word_1_88' title='bbox 723 946 844 1003; x_wconf 78' lang='lat' dir='ltr'><strong>cottidie</strong></span> <span class='ocrx_word' id='word_1_89' title='bbox 861 952 944 1002; x_wconf 86' lang='lat' dir='ltr'><strong>recte</strong></span> <span class='ocrx_word' id='word_1_90' title='bbox 964 949 1011 1001; x_wconf 92' lang='lat' dir='ltr'><strong>hic</strong></span> <span class='ocrx_word' id='word_1_91' title='bbox 1029 952 1058 1002; x_wconf 87' lang='lat' dir='ltr'><strong>et</strong></span> <span class='ocrx_word' id='word_1_92' title='bbox 1073 949 1169 1017; x_wconf 85' lang='lat'>186,11</span> 
     </span>
     <span class='ocr_line' id='line_1_12' title="bbox 109 1019 1169 1095; baseline -0.007 -16"><span class='ocrx_word' id='word_1_93' title='bbox 109 1048 112 1057; x_wconf 25' lang='grc' dir='ltr'><strong>Δ</strong></span> <span class='ocrx_word' id='word_1_94' title='bbox 153 1040 211 1095; x_wconf 88' lang='lat' dir='ltr'><strong>per</strong></span> <span class='ocrx_word' id='word_1_95' title='bbox 230 1025 307 1077; x_wconf 86' lang='lat' dir='ltr'><strong>duas</strong></span> <span class='ocrx_word' id='word_1_96' title='bbox 326 1025 345 1090; x_wconf 83' lang='lat' dir='ltr'><strong>t,</strong></span> <span class='ocrx_word' id='word_1_97' title='bbox 365 1022 434 1076; x_wconf 91' lang='lat' dir='ltr'><strong>licet</strong></span> <span class='ocrx_word' id='word_1_98' title='bbox 453 1022 595 1090; x_wconf 85' lang='lat' dir='ltr'><strong>inprobet</strong></span> <span class='ocrx_word' id='word_1_99' title='bbox 608 1020 788 1075; x_wconf 83' lang='lat' dir='ltr'><strong>Consentius</strong></span> <span class='ocrx_word' id='word_1_100' title='bbox 799 1019 925 1074; x_wconf 86' lang='lat' dir='ltr'><strong>GLK.V</strong></span> <span class='ocrx_word' id='word_1_101' title='bbox 939 1036 968 1089; x_wconf 91' lang='lat' dir='ltr'><strong>p.</strong></span> <span class='ocrx_word' id='word_1_102' title='bbox 981 1019 1042 1085; x_wconf 92' lang='grc'><strong>392,</strong></span> <span class='ocrx_word' id='word_1_103' title='bbox 1054 1021 1078 1086; x_wconf 89' lang='grc'><strong>1,</strong></span> <span class='ocrx_word' id='word_1_104' title='bbox 1098 1035 1169 1072; x_wconf 91' lang='lat' dir='ltr'><strong>nam</strong></span> 
     </span>
     <span class='ocr_line' id='line_1_13' title="bbox 149 1092 1169 1161; baseline -0.006 -12"><span class='ocrx_word' id='word_1_105' title='bbox 149 1102 190 1149; x_wconf 85' lang='lat' dir='ltr'><strong>ut</strong></span> <span class='ocrx_word' id='word_1_106' title='bbox 202 1097 309 1158; x_wconf 85' lang='grc' dir='ltr'>ποστός</span> <span class='ocrx_word' id='word_1_107' title='bbox 322 1093 362 1147; x_wconf 88' lang='lat' dir='ltr'><strong>ad</strong></span> <span class='ocrx_word' id='word_1_108' title='bbox 375 1095 459 1147; x_wconf 80' lang='lat' dir='ltr'><strong>odom</strong></span> <span class='ocrx_word' id='word_1_109' title='bbox 473 1094 515 1146; x_wconf 88' lang='lat' dir='ltr'><strong>sic</strong></span> <span class='ocrx_word' id='word_1_110' title='bbox 530 1094 626 1146; x_wconf 81' lang='lat' dir='ltr'><strong>cottus</strong></span> <span class='ocrx_word' id='word_1_111' title='bbox 639 1092 679 1145; x_wconf 91' lang='lat' dir='ltr'><strong>ad</strong></span> <span class='ocrx_word' id='word_1_112' title='bbox 693 1092 772 1161; x_wconf 81' lang='lat' dir='ltr'><strong>quot.</strong></span> <span class='ocrx_word' id='word_1_113' title='bbox 802 1092 884 1159; x_wconf 91' lang='lat' dir='ltr'><strong>quod</strong></span> <span class='ocrx_word' id='word_1_114' title='bbox 904 1092 994 1145; x_wconf 89' lang='lat' dir='ltr'><strong>docui</strong></span> <span class='ocrx_word' id='word_1_115' title='bbox 1013 1092 1045 1143; x_wconf 93' lang='lat' dir='ltr'><strong>in</strong></span> <span class='ocrx_word' id='word_1_116' title='bbox 1066 1106 1169 1160; x_wconf 79' lang='lat' dir='ltr'><strong>progr.</strong></span> 
     </span>
     <span class='ocr_line' id='line_1_14' title="bbox 149 1162 1170 1234; baseline -0.006 -14"><span class='ocrx_word' id='word_1_117' title='bbox 149 1166 241 1220; x_wconf 88' lang='lat' dir='ltr'><strong>acad.</strong></span> <span class='ocrx_word' id='word_1_118' title='bbox 262 1166 331 1220; x_wconf 82' lang='grc'><strong>1816</strong></span> <span class='ocrx_word' id='word_1_119' title='bbox 350 1181 378 1234; x_wconf 91' lang='lat' dir='ltr'><strong>p.</strong></span> <span class='ocrx_word' id='word_1_120' title='bbox 398 1164 440 1229; x_wconf 83' lang='lat'><strong>14,</strong></span> <span class='ocrx_word' id='word_1_121' title='bbox 467 1164 577 1218; x_wconf 88' lang='lat' dir='ltr'><strong>deinde</strong></span> <span class='ocrx_word' id='word_1_122' title='bbox 596 1164 647 1217; x_wconf 90' lang='lat' dir='ltr'><strong>alii</strong></span> <span class='ocrx_word' id='word_1_123' title='bbox 669 1168 878 1232; x_wconf 84' lang='lat' dir='ltr'><strong>exposuerunt</strong></span> <span class='ocrx_word' id='word_1_124' title='bbox 898 1162 1046 1217; x_wconf 90' lang='lat' dir='ltr'><strong>subtilius.</strong></span> <span class='ocrx_word' id='word_1_125' title='bbox 1079 1163 1170 1216; x_wconf 87' lang='lat' dir='ltr'><strong>corri-</strong></span> 
     </span>
     <span class='ocr_line' id='line_1_15' title="bbox 151 1232 1084 1308; baseline -0.005 -16"><span class='ocrx_word' id='word_1_126' title='bbox 151 1240 222 1308; x_wconf 90' lang='lat' dir='ltr'><strong>puit</strong></span> <span class='ocrx_word' id='word_1_127' title='bbox 240 1238 367 1306; x_wconf 82' lang='lat' dir='ltr'><strong>primam</strong></span> <span class='ocrx_word' id='word_1_128' title='bbox 387 1237 502 1306; x_wconf 90' lang='lat' dir='ltr'><strong>primus</strong></span> <span class='ocrx_word' id='word_1_129' title='bbox 521 1234 666 1288; x_wconf 84' lang='lat' dir='ltr'><strong>Martialis</strong></span> <span class='ocrx_word' id='word_1_130' title='bbox 682 1232 839 1289; x_wconf 81' lang='lat' dir='ltr'><strong>cotidiana</strong></span> <span class='ocrx_word' id='word_1_131' title='bbox 939 1235 957 1287; x_wconf 92' lang='lat' dir='ltr'><strong>i.</strong></span> <span class='ocrx_word' id='word_1_132' title='bbox 977 1239 1084 1287; x_wconf 86' lang='lat' dir='ltr'><strong>tenens</strong></span> 
     </span>
    </p>
   </div>
   <div class='ocr_carea' id='block_1_3' title="bbox 631 1413 698 1476">
    <p class='ocr_par' dir='ltr' id='par_1_3' title="bbox 631 1413 698 1476">
     <span class='ocr_line' id='line_1_16' title="bbox 631 1413 698 1476; baseline -0.015 0"><span class='ocrx_word' id='word_1_133' title='bbox 631 1413 698 1476; x_wconf 88' lang='grc'><strong>232</strong></span> 
     </span>
    </p>
   </div>
   <div class='ocr_carea' id='block_1_4' title="bbox 149 1545 1168 1642">
    <p class='ocr_par' dir='ltr' id='par_1_4' title="bbox 149 1545 1168 1642">
     <span class='ocr_line' id='line_1_17' title="bbox 149 1545 1168 1642; baseline -0.003 -20"><span class='ocrx_word' id='word_1_134' title='bbox 149 1558 247 1642; x_wconf 84' lang='lat' dir='ltr'><strong>Pupa</strong></span> <span class='ocrx_word' id='word_1_135' title='bbox 263 1575 325 1639; x_wconf 89' lang='lat' dir='ltr'><strong>que</strong></span> <span class='ocrx_word' id='word_1_136' title='bbox 348 1555 421 1620; x_wconf 90' lang='lat' dir='ltr'><strong>bela</strong></span> <span class='ocrx_word' id='word_1_137' title='bbox 444 1554 481 1638; x_wconf 84' lang='lat' dir='ltr'><strong>is,</strong></span> <span class='ocrx_word' id='word_1_138' title='bbox 506 1554 565 1619; x_wconf 90' lang='lat' dir='ltr'><strong>tibi</strong></span> <span class='ocrx_word' id='word_1_139' title='bbox 585 1551 590 1640; x_wconf 86' lang='grc' dir='ltr'>Ι</span> <span class='ocrx_word' id='word_1_140' title='bbox 611 1574 662 1618; x_wconf 89' lang='lat' dir='ltr'><strong>me</strong></span> <span class='ocrx_word' id='word_1_141' title='bbox 680 1555 767 1619; x_wconf 88' lang='lat' dir='ltr'><strong>misit</strong></span> <span class='ocrx_word' id='word_1_142' title='bbox 783 1555 837 1636; x_wconf 90' lang='lat' dir='ltr'><strong>qui</strong></span> <span class='ocrx_word' id='word_1_143' title='bbox 853 1560 927 1619; x_wconf 88' lang='lat' dir='ltr'><strong>tuus</strong></span> <span class='ocrx_word' id='word_1_144' title='bbox 943 1545 1034 1636; x_wconf 69' lang='lat' dir='ltr'><strong>estt):</strong></span> <span class='ocrx_word' id='word_1_145' title='bbox 1057 1555 1125 1635; x_wconf 87' lang='lat' dir='ltr'><strong>nal(</strong></span> <span class='ocrx_word' id='word_1_146' title='bbox 1145 1556 1168 1635; x_wconf 95' lang='lat'><strong>).</strong></span> 
     </span>
    </p>
   </div>
   <div class='ocr_carea' id='block_1_5' title="bbox 150 1730 1170 2017">
    <p class='ocr_par' dir='ltr' id='par_1_5' title="bbox 150 1730 1170 2017">
     <span class='ocr_line' id='line_1_18' title="bbox 227 1730 1170 1801; baseline -0.002 -14"><span class='ocrx_word' id='word_1_147' title='bbox 227 1732 299 1788; x_wconf 84' lang='lat' dir='ltr'><strong>CIL.</strong></span> <span class='ocrx_word' id='word_1_148' title='bbox 318 1732 359 1786; x_wconf 93' lang='lat' dir='ltr'><strong>IV</strong></span> <span class='ocrx_word' id='word_1_149' title='bbox 378 1731 449 1785; x_wconf 82' lang='lat'>1234</span> <span class='ocrx_word' id='word_1_150' title='bbox 469 1731 565 1785; x_wconf 91' lang='lat' dir='ltr'><strong>descr.</strong></span> <span class='ocrx_word' id='word_1_151' title='bbox 586 1730 811 1801; x_wconf 82' lang='lat' dir='ltr'><strong>Zangemeister</strong></span> <span class='ocrx_word' id='word_1_152' title='bbox 911 1732 942 1784; x_wconf 91' lang='lat' dir='ltr'><strong>in</strong></span> <span class='ocrx_word' id='word_1_153' title='bbox 962 1731 1102 1785; x_wconf 89' lang='lat' dir='ltr'><strong>cubiculo</strong></span> <span class='ocrx_word' id='word_1_154' title='bbox 1122 1746 1170 1785; x_wconf 90' lang='lat' dir='ltr'><strong>ae-</strong></span> 
     </span>
     <span class='ocr_line' id='line_1_19' title="bbox 150 1803 1168 1873; baseline -0.004 -14"><span class='ocrx_word' id='word_1_155' title='bbox 150 1805 239 1859; x_wconf 89' lang='lat' dir='ltr'><strong>dium</strong></span> <span class='ocrx_word' id='word_1_156' title='bbox 260 1803 392 1858; x_wconf 87' lang='lat' dir='ltr'><strong>Sallustii</strong></span> <span class='ocrx_word' id='word_1_157' title='bbox 411 1804 540 1873; x_wconf 81' lang='lat' dir='ltr'><strong>graphio</strong></span> <span class='ocrx_word' id='word_1_158' title='bbox 564 1803 693 1856; x_wconf 88' lang='lat' dir='ltr'><strong>incisum</strong></span> <span class='ocrx_word' id='word_1_159' title='bbox 712 1804 820 1871; x_wconf 87' lang='lat' dir='ltr'><strong>parieti</strong></span> <span class='ocrx_word' id='word_1_160' title='bbox 840 1817 936 1872; x_wconf 90' lang='lat' dir='ltr'><strong>prope</strong></span> <span class='ocrx_word' id='word_1_161' title='bbox 955 1818 973 1855; x_wconf 93' lang='lat' dir='ltr'><strong>a</strong></span> <span class='ocrx_word' id='word_1_162' title='bbox 992 1804 1168 1872; x_wconf 83' lang='lat' dir='ltr'><strong>pauimento</strong></span> 
     </span>
     <span class='ocr_line' id='line_1_20' title="bbox 153 1873 1169 2017; baseline -0.003 -88"><span class='ocrx_word' id='word_1_163' title='bbox 153 1876 343 2017; x_wconf 42' lang='lat' dir='ltr'><strong>powigtquae</strong></span> <span class='ocrx_word' id='word_1_164' title='bbox 362 1875 442 1929; x_wconf 90' lang='lat' dir='ltr'><strong>bella</strong></span> <span class='ocrx_word' id='word_1_165' title='bbox 459 1890 491 1928; x_wconf 89' lang='lat' dir='ltr'><strong>es</strong></span> <span class='ocrx_word' id='word_1_166' title='bbox 605 1889 643 1928; x_wconf 86' lang='lat' dir='ltr'><strong>ex</strong></span> <span class='ocrx_word' id='word_1_167' title='bbox 662 1874 767 1927; x_wconf 86' lang='lat' dir='ltr'><strong>tabula</strong></span> <span class='ocrx_word' id='word_1_168' title='bbox 787 1874 828 1941; x_wconf 83' lang='lat'><strong>16,</strong></span> <span class='ocrx_word' id='word_1_169' title='bbox 848 1873 865 1927; x_wconf 96' lang='grc'><strong>6</strong></span> <span class='ocrx_word' id='word_1_170' title='bbox 884 1874 1007 1944; x_wconf 88' lang='lat' dir='ltr'><strong>plenum</strong></span> <span class='ocrx_word' id='word_1_171' title='bbox 1026 1875 1070 1927; x_wconf 81' lang='lat' dir='ltr'><strong>est</strong></span> <span class='ocrx_word' id='word_1_172' title='bbox 1089 1874 1169 1928; x_wconf 87' lang='lat' dir='ltr'><strong>effici</strong></span> 
     </span>
    </p>
   </div>
   <div class='ocr_carea' id='block_1_6' title="bbox 631 2071 696 2134">
    <p class='ocr_par' dir='ltr' id='par_1_6' title="bbox 631 2071 696 2134">
     <span class='ocr_line' id='line_1_21' title="bbox 631 2071 696 2134; baseline 0 0"><span class='ocrx_word' id='word_1_173' title='bbox 631 2071 696 2134; x_wconf 86' lang='grc'><strong>233</strong></span> 
     </span>
    </p>
   </div>
   <div class='ocr_carea' id='block_1_7' title="bbox 148 2210 1172 3635">
    <p class='ocr_par' dir='ltr' id='par_1_7' title="bbox 226 2210 1169 2280">
     <span class='ocr_line' id='line_1_22' title="bbox 226 2210 1169 2280; baseline -0.003 -13"><span class='ocrx_word' id='word_1_174' title='bbox 226 2217 297 2267; x_wconf 91' lang='lat' dir='ltr'><strong>sunt</strong></span> <span class='ocrx_word' id='word_1_175' title='bbox 316 2211 394 2266; x_wconf 89' lang='grc'><strong>61166</strong></span> <span class='ocrx_word' id='word_1_176' title='bbox 413 2210 669 2279; x_wconf 88' lang='lat' dir='ltr'><strong>Pompeianorum</strong></span> <span class='ocrx_word' id='word_1_177' title='bbox 688 2212 839 2279; x_wconf 84' lang='lat' dir='ltr'><strong>parietum</strong></span> <span class='ocrx_word' id='word_1_178' title='bbox 859 2211 1072 2278; x_wconf 90' lang='lat' dir='ltr'><strong>inscriptiones</strong></span> <span class='ocrx_word' id='word_1_179' title='bbox 1095 2226 1169 2280; x_wconf 87' lang='lat' dir='ltr'><strong>pau·</strong></span> 
     </span>
    </p>

    <p class='ocr_par' dir='ltr' id='par_1_8' title="bbox 149 2281 1079 2362">
     <span class='ocr_line' id='line_1_23' title="bbox 149 2281 1079 2362; baseline -0.004 -23"><span class='ocrx_word' id='word_1_180' title='bbox 149 2299 211 2339; x_wconf 85' lang='lat' dir='ltr'><strong>cae</strong></span> <span class='ocrx_word' id='word_1_181' title='bbox 228 2285 262 2339; x_wconf 88' lang='lat' dir='ltr'><strong>in</strong></span> <span class='ocrx_word' id='word_1_182' title='bbox 282 2284 393 2352; x_wconf 89' lang='lat' dir='ltr'><strong>quibus</strong></span> <span class='ocrx_word' id='word_1_183' title='bbox 413 2282 585 2351; x_wconf 82' lang='lat' dir='ltr'><strong>singulares</strong></span> <span class='ocrx_word' id='word_1_184' title='bbox 605 2283 753 2362; x_wconf 89' lang='lat' dir='ltr'><strong>suspicari</strong></span> <span class='ocrx_word' id='word_1_185' title='bbox 771 2281 863 2335; x_wconf 86' lang='lat' dir='ltr'><strong>liceat</strong></span> <span class='ocrx_word' id='word_1_186' title='bbox 882 2283 1079 2349; x_wconf 88' lang='lat' dir='ltr'><strong>septenarios.</strong></span> 
     </span>
    </p>

    <p class='ocr_par' dir='ltr' id='par_1_9' title="bbox 150 2350 1070 2493">
     <span class='ocr_line' id='line_1_24' title="bbox 191 2350 1070 2421; baseline -0.003 -12"><span class='ocrx_word' id='word_1_187' title='bbox 191 2353 275 2410; x_wconf 84' lang='lat' dir='ltr'><strong>abiet</strong></span> <span class='ocrx_word' id='word_1_188' title='bbox 298 2356 407 2410; x_wconf 81' lang='lat' dir='ltr'><strong>Venere</strong></span> <span class='ocrx_word' id='word_1_189' title='bbox 427 2350 630 2421; x_wconf 81' lang='lat' dir='ltr'><strong>Bompeiiana</strong></span> <span class='ocrx_word' id='word_1_190' title='bbox 649 2354 763 2406; x_wconf 86' lang='lat' dir='ltr'><strong>iratam</strong></span> <span class='ocrx_word' id='word_1_191' title='bbox 782 2350 836 2421; x_wconf 84' lang='lat' dir='ltr'><strong>qui</strong></span> <span class='ocrx_word' id='word_1_192' title='bbox 854 2353 908 2405; x_wconf 83' lang='lat' dir='ltr'><strong>hoc</strong></span> <span class='ocrx_word' id='word_1_193' title='bbox 927 2351 1070 2406; x_wconf 76' lang='lat' dir='ltr'><strong>laesaerit</strong></span> 
     </span>
     <span class='ocr_line' id='line_1_25' title="bbox 150 2423 974 2493; baseline -0.007 -12"><span class='ocrx_word' id='word_1_194' title='bbox 150 2425 229 2481; x_wconf 67' lang='lat' dir='ltr'><strong>CIL.</strong></span> <span class='ocrx_word' id='word_1_195' title='bbox 250 2426 291 2480; x_wconf 91' lang='lat' dir='ltr'><strong>IV</strong></span> <span class='ocrx_word' id='word_1_196' title='bbox 309 2425 362 2480; x_wconf 81' lang='lat'><strong>538</strong></span> <span class='ocrx_word' id='word_1_197' title='bbox 381 2426 585 2493; x_wconf 88' lang='lat' dir='ltr'><strong>subscriptum</strong></span> <span class='ocrx_word' id='word_1_198' title='bbox 605 2426 744 2492; x_wconf 90' lang='lat' dir='ltr'><strong>picturae</strong></span> <span class='ocrx_word' id='word_1_199' title='bbox 761 2423 974 2491; x_wconf 85' lang='lat' dir='ltr'><strong>gladiatorum.</strong></span> 
     </span>
    </p>

    <p class='ocr_par' dir='ltr' id='par_1_10' title="bbox 148 2492 1171 2778">
     <span class='ocr_line' id='line_1_26' title="bbox 190 2492 1171 2566; baseline -0.002 -15"><span class='ocrx_word' id='word_1_200' title='bbox 190 2496 224 2552; x_wconf 81' lang='lat' dir='ltr'><strong>iu</strong></span> <span class='ocrx_word' id='word_1_201' title='bbox 239 2513 337 2566; x_wconf 79' lang='lat' dir='ltr'><strong>papa,</strong></span> <span class='ocrx_word' id='word_1_202' title='bbox 357 2494 402 2550; x_wconf 82' lang='lat' dir='ltr'><strong>sic</strong></span> <span class='ocrx_word' id='word_1_203' title='bbox 420 2496 535 2564; x_wconf 77' lang='grc'><strong>661666,</strong></span> <span class='ocrx_word' id='word_1_204' title='bbox 554 2493 599 2548; x_wconf 81' lang='lat' dir='ltr'><strong>sic</strong></span> <span class='ocrx_word' id='word_1_205' title='bbox 616 2496 728 2549; x_wconf 81' lang='lat' dir='ltr'><strong>habeas</strong></span> <span class='ocrx_word' id='word_1_206' title='bbox 742 2495 851 2549; x_wconf 83' lang='lat' dir='ltr'><strong>Venere</strong></span> <span class='ocrx_word' id='word_1_207' title='bbox 862 2492 1083 2563; x_wconf 82' lang='lat' dir='ltr'><strong>Pompeianam</strong></span> <span class='ocrx_word' id='word_1_208' title='bbox 1100 2511 1171 2564; x_wconf 84' lang='lat' dir='ltr'><strong>pro-</strong></span> 
     </span>
     <span class='ocr_line' id='line_1_27' title="bbox 1012 2565 1134 2634; baseline 0.016 -15"><span class='ocrx_word' id='word_1_209' title='bbox 1012 2581 1042 2634; x_wconf 56' lang='lat' dir='ltr'><strong>p,</strong></span> <span class='ocrx_word' id='word_1_210' title='bbox 1058 2565 1134 2621; x_wconf 85' lang='lat' dir='ltr'><strong>tiam</strong></span> 
     </span>
     <span class='ocr_line' id='line_1_28' title="bbox 149 2583 1169 2706; baseline -0.001 -14"><span class='ocrx_word' id='word_1_211' title='bbox 149 2643 212 2693; x_wconf 81' lang='lat' dir='ltr'><strong>act.</strong></span> <span class='ocrx_word' id='word_1_212' title='bbox 232 2640 300 2691; x_wconf 89' lang='lat' dir='ltr'><strong>inst.</strong></span> <span class='ocrx_word' id='word_1_213' title='bbox 320 2638 400 2691; x_wconf 89' lang='lat' dir='ltr'><strong>arch.</strong></span> <span class='ocrx_word' id='word_1_214' title='bbox 420 2637 505 2691; x_wconf 88' lang='lat' dir='ltr'><strong>Rom.</strong></span> <span class='ocrx_word' id='word_1_215' title='bbox 525 2637 596 2691; x_wconf 81' lang='grc'><strong>1814</strong></span> <span class='ocrx_word' id='word_1_216' title='bbox 618 2654 646 2706; x_wconf 90' lang='lat' dir='ltr'><strong>p.</strong></span> <span class='ocrx_word' id='word_1_217' title='bbox 662 2636 714 2691; x_wconf 92' lang='grc'><strong>193</strong></span> <span class='ocrx_word' id='word_1_218' title='bbox 737 2637 896 2706; x_wconf 82' lang='lat' dir='ltr'><strong>gestientis</strong></span> <span class='ocrx_word' id='word_1_219' title='bbox 921 2583 1064 2706; x_wconf 44' lang='lat' dir='ltr'><strong>adloquii&gt;</strong></span> <span class='ocrx_word' id='word_1_220' title='bbox 1088 2654 1169 2693; x_wconf 86' lang='lat' dir='ltr'><strong>nexa</strong></span> 
     </span>
     <span class='ocr_line' id='line_1_29' title="bbox 148 2709 668 2778; baseline -0.006 -14"><span class='ocrx_word' id='word_1_221' title='bbox 148 2710 253 2764; x_wconf 68' lang='lat' dir='ltr'><strong>⁴uerba</strong></span> <span class='ocrx_word' id='word_1_222' title='bbox 273 2713 385 2763; x_wconf 83' lang='lat' dir='ltr'><strong>coeunt</strong></span> <span class='ocrx_word' id='word_1_223' title='bbox 401 2710 433 2761; x_wconf 90' lang='lat' dir='ltr'><strong>in</strong></span> <span class='ocrx_word' id='word_1_224' title='bbox 453 2709 668 2778; x_wconf 86' lang='lat' dir='ltr'><strong>septenarium.</strong></span> 
     </span>
    </p>

    <p class='ocr_par' dir='ltr' id='par_1_11' title="bbox 190 2777 1170 2849">
     <span class='ocr_line' id='line_1_30' title="bbox 190 2777 1170 2849; baseline 0 -15"><span class='ocrx_word' id='word_1_225' title='bbox 190 2777 342 2834; x_wconf 82' lang='lat' dir='ltr'><strong>hominem</strong></span> <span class='ocrx_word' id='word_1_226' title='bbox 354 2777 457 2834; x_wconf 82' lang='lat' dir='ltr'><strong>reddit</strong></span> <span class='ocrx_word' id='word_1_227' title='bbox 469 2780 586 2833; x_wconf 82' lang='lat' dir='ltr'><strong>rhetor.-</strong></span> <span class='ocrx_word' id='word_1_228' title='bbox 605 2777 660 2849; x_wconf 81' lang='lat' dir='ltr'><strong>qui</strong></span> <span class='ocrx_word' id='word_1_229' title='bbox 672 2778 743 2834; x_wconf 90' lang='lat' dir='ltr'><strong>emit</strong></span> <span class='ocrx_word' id='word_1_230' title='bbox 755 2794 876 2835; x_wconf 78' lang='lat' dir='ltr'><strong>seimom</strong></span> <span class='ocrx_word' id='word_1_231' title='bbox 891 2778 1041 2849; x_wconf 74' lang='lat' dir='ltr'><strong>[doctulm</strong></span> <span class='ocrx_word' id='word_1_232' title='bbox 1061 2795 1094 2835; x_wconf 82' lang='lat' dir='ltr'><strong>os</strong></span> <span class='ocrx_word' id='word_1_233' title='bbox 1107 2795 1170 2834; x_wconf 80' lang='grc'><strong>666</strong></span> 
     </span>
    </p>

    <p class='ocr_par' dir='ltr' id='par_1_12' title="bbox 1047 2852 1135 2906">
     <span class='ocr_line' id='line_1_31' title="bbox 1047 2852 1135 2906; baseline -0.023 -1"><span class='ocrx_word' id='word_1_234' title='bbox 1047 2852 1135 2906; x_wconf 79' lang='lat' dir='ltr'><strong>habet</strong></span> 
     </span>
    </p>

    <p class='ocr_par' dir='ltr' id='par_1_13' title="bbox 150 2921 1170 3134">
     <span class='ocr_line' id='line_1_32' title="bbox 151 2921 1170 2992; baseline -0.001 -15"><span class='ocrx_word' id='word_1_235' title='bbox 151 2921 228 2978; x_wconf 76' lang='lat'><strong>011..</strong></span> <span class='ocrx_word' id='word_1_236' title='bbox 247 2921 288 2976; x_wconf 87' lang='lat' dir='ltr'><strong>IV</strong></span> <span class='ocrx_word' id='word_1_237' title='bbox 307 2921 377 2975; x_wconf 90' lang='grc'><strong>1899</strong></span> <span class='ocrx_word' id='word_1_238' title='bbox 398 2921 467 2975; x_wconf 91' lang='lat' dir='ltr'><strong>add.</strong></span> <span class='ocrx_word' id='word_1_239' title='bbox 487 2939 515 2991; x_wconf 92' lang='lat' dir='ltr'><strong>p.</strong></span> <span class='ocrx_word' id='word_1_240' title='bbox 525 2921 578 2975; x_wconf 82' lang='lat'><strong>213</strong></span> <span class='ocrx_word' id='word_1_241' title='bbox 597 2923 676 2976; x_wconf 87' lang='lat' dir='ltr'><strong>sicut</strong></span> <span class='ocrx_word' id='word_1_242' title='bbox 694 2921 769 2992; x_wconf 81' lang='lat' dir='ltr'><strong>legit</strong></span> <span class='ocrx_word' id='word_1_243' title='bbox 788 2922 1170 2992; x_wconf 84' lang='lat' dir='ltr'><strong>expleuitqueZangcmei-</strong></span> 
     </span>
     <span class='ocr_line' id='line_1_33' title="bbox 150 2992 1170 3063; baseline -0.001 -15"><span class='ocrx_word' id='word_1_244' title='bbox 150 3000 217 3049; x_wconf 85' lang='lat' dir='ltr'><strong>ster</strong></span> <span class='ocrx_word' id='word_1_245' title='bbox 235 2993 304 3048; x_wconf 83' lang='lat' dir='ltr'><strong>falsi</strong></span> <span class='ocrx_word' id='word_1_246' title='bbox 320 3008 454 3063; x_wconf 82' lang='lat' dir='ltr'><strong>arguens</strong></span> <span class='ocrx_word' id='word_1_247' title='bbox 466 2992 665 3048; x_wconf 85' lang='lat' dir='ltr'><strong>Garruccium</strong></span> <span class='ocrx_word' id='word_1_248' title='bbox 685 2995 738 3061; x_wconf 90' lang='lat' dir='ltr'><strong>qui</strong></span> <span class='ocrx_word' id='word_1_249' title='bbox 757 2993 828 3048; x_wconf 85' lang='lat' dir='ltr'><strong>emit</strong></span> <span class='ocrx_word' id='word_1_250' title='bbox 846 3009 879 3049; x_wconf 84' lang='lat' dir='ltr'><strong>oe</strong></span> <span class='ocrx_word' id='word_1_251' title='bbox 899 2994 1037 3048; x_wconf 87' lang='lat' dir='ltr'><strong>ediderat</strong></span> <span class='ocrx_word' id='word_1_252' title='bbox 1054 2994 1170 3048; x_wconf 90' lang='lat' dir='ltr'><strong>omissis</strong></span> 
     </span>
     <span class='ocr_line' id='line_1_34' title="bbox 152 3063 679 3134; baseline -0.004 -16"><span class='ocrx_word' id='word_1_253' title='bbox 152 3080 236 3134; x_wconf 85' lang='lat' dir='ltr'><strong>quae</strong></span> <span class='ocrx_word' id='word_1_254' title='bbox 254 3065 355 3120; x_wconf 87' lang='lat' dir='ltr'><strong>media</strong></span> <span class='ocrx_word' id='word_1_255' title='bbox 376 3070 446 3119; x_wconf 88' lang='lat' dir='ltr'><strong>sunt</strong></span> <span class='ocrx_word' id='word_1_256' title='bbox 465 3064 553 3133; x_wconf 81' lang='lat' dir='ltr'><strong>grati.</strong></span> <span class='ocrx_word' id='word_1_257' title='bbox 573 3065 616 3130; x_wconf 93' lang='grc'><strong>28,</strong></span> <span class='ocrx_word' id='word_1_258' title='bbox 636 3063 679 3117; x_wconf 92' lang='grc'><strong>43.</strong></span> 
     </span>
    </p>

    <p class='ocr_par' dir='ltr' id='par_1_14' title="bbox 150 3133 1170 3419">
     <span class='ocr_line' id='line_1_35' title="bbox 191 3133 1170 3205; baseline -0.001 -15"><span class='ocrx_word' id='word_1_259' title='bbox 191 3152 278 3190; x_wconf 78' lang='lat' dir='ltr'><strong>nemo</strong></span> <span class='ocrx_word' id='word_1_260' title='bbox 289 3138 333 3190; x_wconf 81' lang='lat' dir='ltr'><strong>est</strong></span> <span class='ocrx_word' id='word_1_261' title='bbox 348 3136 442 3190; x_wconf 84' lang='lat' dir='ltr'><strong>bellus</strong></span> <span class='ocrx_word' id='word_1_262' title='bbox 452 3134 516 3190; x_wconf 79' lang='lat' dir='ltr'><strong>nisi</strong></span> <span class='ocrx_word' id='word_1_263' title='bbox 526 3135 580 3205; x_wconf 79' lang='lat' dir='ltr'><strong>qui</strong></span> <span class='ocrx_word' id='word_1_264' title='bbox 591 3133 711 3190; x_wconf 80' lang='lat' dir='ltr'><strong>amauit</strong></span> <span class='ocrx_word' id='word_1_265' title='bbox 719 3134 899 3204; x_wconf 74' lang='lat' dir='ltr'><strong>molliorem]</strong></span> <span class='ocrx_word' id='word_1_266' title='bbox 914 3135 1170 3204; x_wconf 81' lang='lat' dir='ltr'><strong>adules[eentutne</strong></span> 
     </span>
     <span class='ocr_line' id='line_1_36' title="bbox 152 3205 1170 3276; baseline -0.003 -14"><span class='ocrx_word' id='word_1_267' title='bbox 152 3205 229 3262; x_wconf 67' lang='lat'><strong>011..</strong></span> <span class='ocrx_word' id='word_1_268' title='bbox 248 3207 289 3262; x_wconf 84' lang='lat' dir='ltr'><strong>IV</strong></span> <span class='ocrx_word' id='word_1_269' title='bbox 309 3207 378 3261; x_wconf 91' lang='grc'><strong>1883</strong></span> <span class='ocrx_word' id='word_1_270' title='bbox 397 3207 465 3261; x_wconf 88' lang='lat' dir='ltr'><strong>add.</strong></span> <span class='ocrx_word' id='word_1_271' title='bbox 486 3224 514 3276; x_wconf 92' lang='lat' dir='ltr'><strong>p.</strong></span> <span class='ocrx_word' id='word_1_272' title='bbox 527 3208 588 3275; x_wconf 93' lang='grc'><strong>213,</strong></span> <span class='ocrx_word' id='word_1_273' title='bbox 612 3212 682 3261; x_wconf 91' lang='lat' dir='ltr'><strong>sunt</strong></span> <span class='ocrx_word' id='word_1_274' title='bbox 706 3212 808 3261; x_wconf 87' lang='lat' dir='ltr'><strong>autem</strong></span> <span class='ocrx_word' id='word_1_275' title='bbox 827 3212 896 3276; x_wconf 86' lang='lat' dir='ltr'><strong>post</strong></span> <span class='ocrx_word' id='word_1_276' title='bbox 915 3205 1034 3261; x_wconf 84' lang='lat' dir='ltr'><strong>amauit</strong></span> <span class='ocrx_word' id='word_1_277' title='bbox 1052 3207 1170 3276; x_wconf 87' lang='lat' dir='ltr'><strong>reliqua</strong></span> 
     </span>
     <span class='ocr_line' id='line_1_37' title="bbox 156 3277 1169 3348; baseline -0.001 -17"><span class='ocrx_word' id='word_1_278' title='bbox 156 3278 324 3332; x_wconf 88' lang='lat' dir='ltr'><strong>minoribus</strong></span> <span class='ocrx_word' id='word_1_279' title='bbox 352 3280 458 3333; x_wconf 90' lang='lat' dir='ltr'><strong>litteris</strong></span> <span class='ocrx_word' id='word_1_280' title='bbox 486 3283 606 3343; x_wconf 75' lang='lat' dir='ltr'><strong>notata,</strong></span> <span class='ocrx_word' id='word_1_281' title='bbox 636 3279 672 3332; x_wconf 87' lang='lat' dir='ltr'><strong>cf.</strong></span> <span class='ocrx_word' id='word_1_282' title='bbox 699 3278 822 3341; x_wconf 78' lang='lat' dir='ltr'><strong>Queroli</strong></span> <span class='ocrx_word' id='word_1_283' title='bbox 845 3278 895 3331; x_wconf 95' lang='grc' dir='ltr'><strong>Ι2</strong></span> <span class='ocrx_word' id='word_1_284' title='bbox 918 3295 948 3348; x_wconf 92' lang='lat' dir='ltr'><strong>p.</strong></span> <span class='ocrx_word' id='word_1_285' title='bbox 968 3278 1009 3344; x_wconf 88' lang='grc'><strong>18,</strong></span> <span class='ocrx_word' id='word_1_286' title='bbox 1029 3277 1065 3330; x_wconf 91' lang='grc'><strong>24</strong></span> <span class='ocrx_word' id='word_1_287' title='bbox 1086 3278 1169 3346; x_wconf 87' lang='lat' dir='ltr'><strong>Peip.</strong></span> 
     </span>
     <span class='ocr_line' id='line_1_38' title="bbox 150 3347 542 3419; baseline 0 -16"><span class='ocrx_word' id='word_1_288' title='bbox 150 3365 243 3403; x_wconf 79' lang='lat' dir='ltr'><strong>memo</strong></span> <span class='ocrx_word' id='word_1_289' title='bbox 262 3347 362 3419; x_wconf 72' lang='lat' dir='ltr'><strong>pratis</strong></span> <span class='ocrx_word' id='word_1_290' title='bbox 383 3350 542 3405; x_wconf 72' lang='lat' dir='ltr'><strong>bellarent</strong></span> 
     </span>
    </p>

    <p class='ocr_par' dir='ltr' id='par_1_15' title="bbox 228 3418 1171 3492">
     <span class='ocr_line' id='line_1_39' title="bbox 228 3418 1171 3492; baseline 0 -18"><span class='ocrx_word' id='word_1_291' title='bbox 228 3422 288 3475; x_wconf 86' lang='lat' dir='ltr'><strong>alia</strong></span> <span class='ocrx_word' id='word_1_292' title='bbox 308 3422 459 3491; x_wconf 88' lang='lat' dir='ltr'><strong>quaedam</strong></span> <span class='ocrx_word' id='word_1_293' title='bbox 471 3421 659 3492; x_wconf 86' lang='lat' dir='ltr'><strong>Pompeiana</strong></span> <span class='ocrx_word' id='word_1_294' title='bbox 677 3422 765 3490; x_wconf 81' lang='lat' dir='ltr'><strong>tetigi</strong></span> <span class='ocrx_word' id='word_1_295' title='bbox 785 3422 817 3474; x_wconf 92' lang='lat' dir='ltr'><strong>in</strong></span> <span class='ocrx_word' id='word_1_296' title='bbox 835 3437 864 3474; x_wconf 90' lang='lat' dir='ltr'><strong>n.</strong></span> <span class='ocrx_word' id='word_1_297' title='bbox 877 3421 921 3474; x_wconf 87' lang='lat'><strong>41.</strong></span> <span class='ocrx_word' id='word_1_298' title='bbox 945 3421 977 3473; x_wconf 91' lang='lat' dir='ltr'><strong>in</strong></span> <span class='ocrx_word' id='word_1_299' title='bbox 988 3418 1171 3474; x_wconf 85' lang='lat' dir='ltr'><strong>Germaniae</strong></span> 
     </span>
    </p>

    <p class='ocr_par' dir='ltr' id='par_1_16' title="bbox 151 3491 1172 3635">
     <span class='ocr_line' id='line_1_40' title="bbox 155 3491 1171 3562; baseline 0.001 -18"><span class='ocrx_word' id='word_1_300' title='bbox 155 3492 309 3561; x_wconf 84' lang='lat' dir='ltr'><strong>limitaneo</strong></span> <span class='ocrx_word' id='word_1_301' title='bbox 329 3509 405 3562; x_wconf 84' lang='lat' dir='ltr'><strong>agro</strong></span> <span class='ocrx_word' id='word_1_302' title='bbox 416 3493 590 3548; x_wconf 90' lang='lat' dir='ltr'><strong>Dortelweil</strong></span> <span class='ocrx_word' id='word_1_303' title='bbox 609 3492 789 3548; x_wconf 87' lang='lat' dir='ltr'><strong>adNiddam</strong></span> <span class='ocrx_word' id='word_1_304' title='bbox 807 3494 839 3545; x_wconf 92' lang='lat' dir='ltr'><strong>in</strong></span> <span class='ocrx_word' id='word_1_305' title='bbox 854 3493 946 3546; x_wconf 87' lang='lat' dir='ltr'><strong>uillae</strong></span> <span class='ocrx_word' id='word_1_306' title='bbox 964 3491 1171 3545; x_wconf 85' lang='lat' dir='ltr'><strong>fundamentis</strong></span> 
     </span>
     <span class='ocr_line' id='line_1_41' title="bbox 151 3562 1172 3635; baseline 0 -18"><span class='ocrx_word' id='word_1_307' title='bbox 151 3564 283 3619; x_wconf 84' lang='lat' dir='ltr'><strong>inuenta</strong></span> <span class='ocrx_word' id='word_1_308' title='bbox 302 3571 348 3620; x_wconf 82' lang='lat' dir='ltr'><strong>est</strong></span> <span class='ocrx_word' id='word_1_309' title='bbox 360 3565 461 3635; x_wconf 85' lang='lat' dir='ltr'><strong>ampla</strong></span> <span class='ocrx_word' id='word_1_310' title='bbox 480 3565 586 3635; x_wconf 84' lang='lat' dir='ltr'><strong>tegula</strong></span> <span class='ocrx_word' id='word_1_311' title='bbox 602 3564 763 3634; x_wconf 82' lang='lat' dir='ltr'><strong>designata</strong></span> <span class='ocrx_word' id='word_1_312' title='bbox 783 3563 911 3618; x_wconf 88' lang='lat' dir='ltr'><strong>aRiesio</strong></span> <span class='ocrx_word' id='word_1_313' title='bbox 925 3562 1172 3618; x_wconf 86' lang='lat' dir='ltr'><strong>Wostdeutschcs</strong></span> 
     </span>
    </p>
   </div>
   <div class='ocr_carea' id='block_1_8' title="bbox 0 0 1327 3884">
    <p class='ocr_par' dir='ltr' id='par_1_17' title="bbox 0 0 1327 3884">
     <span class='ocr_line' id='line_1_42' title="bbox 0 0 1327 3884; baseline 0 0"><span class='ocrx_word' id='word_1_314' title='bbox 0 0 1327 3884; x_wconf 95' lang='lat' dir='ltr'><strong> </strong></span> 
     </span>
    </p>
   </div>
  </div>
 </body>
</html>
