2650 3882
574 152 761 192 auxauurar
1122 140 1174 198 195

233 295 304 351 CIL.
323 297 351 351 X
371 297 440 351 2311
459 297 519 361 (IN.
540 297 620 363 6482)
640 299 735 354 deser.
755 299 921 355 Mommsen
1028 301 1171 370 Puteolis,

160 369 292 420 nuncin
312 384 416 423 museo
436 368 636 439 Neapolitano
781 372 1002 442 praescriptum
1022 371 1173 441 Oloccer‘ae

165 438 324 492 thallusae
343 455 442 493 annor
461 442 550 494 natae
569 440 647 494 XVI
663 439 801 495 Cocceius
816 441 970 496 Coeranus
988 445 1088 511 aeon,
1108 449 1172 499 tum

160 508 201 562 ad
221 509 359 563 dextram
381 510 537 579 Cocce[iae]
557 512 592 564 L.
612 512 630 564 l.
650 511 808 580 Bland[ae.
838 513 1019 582 aliquotiens
1038 513 1051 569 i
1069 515 1171 586 longa,

161 595 241 648 apex
260 596 330 636 raro
349 582 502 635 adhibitus
522 588 575 636 est.
605 583 680 635 mire
700 589 827 637 consuta
847 586 990 649 carmina,
1009 585 1082 640 uide
1100 601 1131 641 11.
1146 587 1172 641 6.

159 651 314 720 suppleuit
333 668 413 721 quae
432 653 542 706 desunt
560 652 712 722 Hauptius

232 721 249 775 2
266 723 285 775 i.
300 724 372 791 quoi
385 732 481 793 nupta
589 725 605 778 6
625 722 772 794 quatinus
785 741 840 794 pro
855 727 1007 795 quoniam,
1021 729 1172 796 quatenus

160 808 216 861 pro
237 809 297 862 qua
316 794 376 848 fine
395 795 486 848 scribi
504 800 655 849 testantur
674 795 798 850 Verrius
816 801 909 866 atque
927 797 1075 857 adseclae,

159 864 177 917 3
196 865 296 919 exitus
315 865 508 935 Vergilianus
527 882 556 935 g.
576 866 590 919 I
608 866 643 921 37
661 865 737 921 Aen.
755 867 797 921 VI
815 867 868 921 373
886 866 929 921 ΙΧ
943 867 994 923 185
1075 867 1111 922 10
1128 870 1172 923 ul·

159 934 256 989 terius
275 951 333 1005 ego
354 938 473 1004 scripsi:
493 944 568 991 nota
578 953 761 1006 graecorum
774 944 932 1007 poetarum
946 940 1097 994 sententia
1108 956 1172 994 nan

158 1005 247 1060 nasci
265 1006 383 1061 homini
401 1008 488 1076 lonpe
508 1006 656 1075 optimum
675 1023 746 1075 esse,
761 1008 943 1077 pronianum
961 1012 1063 1065 autern
1077 1027 1172 1081 quarn

155 1075 296 1145 primum
313 1077 394 1132 marn
413 1078 484 1141 (Cic.
504 1083 578 1132 tusc.
598 1079 695 1141 1114).
728 1080 776 1133 hic
796 1081 920 1133 damnat
937 1082 1032 1150 igitur
1050 1083 1102 1151 qui
1123 1097 1172 1136 cu-

159 1149 246 1217 piunt
261 1155 437 1202 nascentem
456 1149 535 1202 ultra
555 1149 660 1202 horam
672 1151 804 1205 natalem
817 1152 933 1218 uiuere,
953 1152 1058 1206 debuit
1069 1167 1172 1221 proce·

159 1219 230 1273 dere
249 1218 316 1273 uita
417 1219 450 1272 15
470 1218 598 1273 Coerani
617 1222 776 1290 proposuit
790 1221 875 1288 Nohl,
894 1238 965 1276 nam
981 1221 994 1276 i
1013 1228 1097 1278 certa
1117 1231 1171 1279 est.

158 1288 258 1358 tarpio
276 1290 437 1358 Hauptius.
465 1292 588 1344 nomina
608 1306 772 1361 corrupere
790 1307 916 1347 uersum
1056 1294 1090 1348 18
1108 1311 1171 1349 nan

160 1375 232 1440 ego:
252 1360 306 1414 sed
317 1359 477 1429 Hauptius.
506 1361 725 1416 hemistichium
743 1362 857 1433 Vergili
876 1362 952 1419 Aen.
970 1363 1013 1417 IX
1031 1364 1092 1432 248,
1111 1381 1171 1420 1111-

157 1446 233 1489 nano
257 1432 442 1485 contrarium
466 1438 512 1487 est
534 1433 705 1503 insurgenti
730 1435 794 1488 soli.
827 1434 856 1488 11
879 1451 976 1490 annos
1003 1435 1029 1490 V
1051 1452 1171 1491 menses

159 1501 304 1556 Thallusa
327 1518 395 1556 cum
418 1505 526 1558 marito
550 1506 636 1570 uixit,
665 1510 812 1574 nupserat
834 1506 923 1561 tertio
948 1508 1064 1561 decimo
1089 1523 1170 1562 anno

158 1573 265 1638 (11.11)
289 1579 323 1628 ut
347 1578 421 1643 puto
447 1581 588 1629 exeunte.
622 1577 726 1645 itaque
750 1582 867 1631 sextum
889 1578 1039 1632 decimum
1065 1581 1106 1641 (u.
1125 1579 1169 1642 13)

159 1659 256 1713 agens
270 1649 390 1699 mortua
409 1651 455 1699 est
491 1648 628 1715 otuitque
646 1662 709 1701 non
727 1647 866 1716 expletus
886 1664 985 1704 annus
1004 1664 1098 1718 supra
1116 1651 1171 1704 ubi

159 1731 258 1769 annos
276 1717 351 1769 nata
364 1717 437 1770 XVI
456 1662 567 1770 11111111
580 1733 636 1786 pro
651 1717 740 1786 pleno
754 1720 908 1772 numerari
1019 1719 1053 1773 21
1064 1735 1087 1774 s.
1106 1736 1171 1774 sen-

158 1787 254 1840 tentia
273 1802 352 1856 quae
372 1789 463 1840 tuerit
483 1788 622 1857 exemplo
638 1788 846 1843 demonstrare
859 1789 952 1857 uolui,
971 1805 1081 1845 uersus
1094 1791 1171 1845 alius

158 1857 259 1911 nullus
280 1857 364 1911 deest

629 1948 693 2012 421

157 2069 297 2135 Condita
320 2090 390 2136 sum
413 2070 506 2154 Nice,
530 2091 613 2154 quae
636 2073 701 2139 iam
725 2072 910 2139 dulcissima
933 2074 1018 2158 patri

157 2174 279 2242 ducens
301 2178 418 2243 aetatis
441 2184 552 2244 tenera
576 2185 726 2261 quattuor
748 2200 848 2246 annos

156 2282 294 2369 abrepta
317 2305 337 2349 a
360 2287 483 2370 superis
506 2283 619 2351 flentes
642 2287 706 2352 iam
730 2286 809 2370 liqui
834 2292 993 2371 parentes.

230 2425 302 2481 CIL.
315 2426 356 2480 VI
369 2426 465 2495 19331,
484 2426 631 2481 Muratori
645 2428 723 2493 1171,
738 2428 762 2481 9.
800 2426 862 2480 AL.
875 2426 1043 2481 Burmanni
1056 2427 1097 2482 IV
1109 2428 1170 2497 283,

157 2498 272 2566 Meyeri
293 2497 363 2551 1384
469 2498 585 2552 Romae
603 2500 635 2551 in
654 2499 841 2553 columbario
860 2500 981 2553 uiarum
999 2496 1119 2569 Appiae
1140 2505 1171 2555 et

156 2567 295 2630 Latinae,
316 2569 413 2637 periit.
444 2569 600 2637 praecedit
619 2570 648 2622 d.
668 2570 710 2623 M.
729 2585 752 2623 a.
772 2567 944 2624 Herennius
962 2569 1046 2638 Nice,
1065 2568 1169 2638 unani)

157 2655 186 2693 a.
205 2639 310 2693 1Hrn.
334 2639 405 2693 VIH
424 2640 454 2693 d.
471 2640 552 2703 XVI,
571 2638 715 2695 Anicetus
729 2643 821 2709 pater
837 2640 893 2709 fec.

229 2711 245 2764 1
265 2725 328 2779 qua
346 2710 444 2765 codex
464 2710 699 2778 quoHennenus
717 2726 792 2766 usus
806 2718 851 2766 est
951 2711 1101 2767 areanae
1113 2710 1171 2767 uin

158 2782 303 2850 quattuor
325 2781 499 2835 emendauit
518 2780 719 2849 Burmannus,
748 2785 867 2836 tenerae
890 2783 1021 2838 tortasse
1044 2799 1083 2838 ex
1109 2783 1170 2839 tide

157 2852 267 2921 lapidis
286 2850 407 2918 (42211)
507 2851 525 2905 3
543 2853 669 2922 abrepta
691 2853 979 2922 superiaMuratori.
1008 2870 1100 2923 qnam
1119 2855 1170 2908 ad·

157 2923 220 2977 didi
238 2923 496 2992 praepositionem
515 2923 607 2977 hahet
626 2924 724 2979 codex

628 3085 694 3149 422

156 3208 229 3273 Hto
252 3227 313 3291 ego
336 3227 406 3273 sum
429 3208 550 3273 tumulo
573 3208 755 3275 Marcianus
777 3206 924 3274 redditus
946 3228 1038 3274 aeuo.

156 3315 220 3378 ndn
245 3313 320 3378 dum
342 3314 564 3399 Persephones
586 3313 756 3399 sperabam
779 3315 884 3380 uisere
907 3315 1017 3400 regna.

157 3421 341 3486 consulibus
363 3426 440 3487 tunc
461 3428 556 3487 natus
578 3441 666 3487 eram
689 3421 833 3504 iter-tque
857 3422 977 3489 Seuero

157 3532 191 3591 et
213 3526 316 3592 Fuluo
339 3528 469 3612 pariter,
494 3548 556 3611 quo
581 3528 674 3614 coepi
697 3527 800 3593 dulcis
823 3527 945 3594 haberi.
