2650 3882
561 185 748 224 naxannrar
769 227 772 233 ⁴
1108 172 1164 226 203

125 328 303 415 adogmata
326 330 533 416 Pythagorae
555 332 639 397 sensi
663 330 865 414 studiumque
888 332 1060 417 sophorum

149 444 182 502 et
205 436 303 503 libros
326 437 402 521 legi,
425 437 491 522 legi
514 437 570 522 pia
594 437 736 503 carmina
759 438 890 503 Homeri

148 542 217 608 siue
241 551 319 626 quot
341 542 494 609 Euclides
517 544 620 609 abaco
643 544 844 629 praescripta
866 545 1001 610 tulisset.

149 648 283 715 delicias
305 648 403 716 habui
426 651 548 734 pariter·
571 651 719 733 lususque
742 670 906 736 procaces.

147 755 231 822 haec
253 756 383 822 Hilarus
406 757 483 821 mihi
508 756 685 822 contulerat
708 763 809 842 pater,
833 758 903 842 ipse
925 764 1088 841 patronus,

112 863 176 928 rosi
197 884 262 928 non
285 863 396 929 infelix
421 865 581 929 contraria
603 864 671 929 fata
695 863 887 930 habuissem.

148 988 232 1034 nunc
254 989 331 1035 uero
355 969 495 1035 infamas
518 969 612 1036 sedes
634 970 826 1036 Acherontis
849 969 892 1035 ad
914 969 1018 1035 undas

149 1082 295 1160 tetraque
319 1077 467 1142 Tartarei
490 1098 550 1161 per
571 1076 678 1143 sidera
701 1077 799 1142 tendo
822 1075 982 1162 profundi.

149 1184 249 1268 effugi
272 1183 427 1249 tumidam
450 1184 560 1251 uitam.
595 1204 679 1268 spes,
704 1183 806 1248 forma
828 1184 951 1248 ualete:

148 1290 194 1354 nil
217 1289 295 1354 mihi
318 1291 483 1355 uobiscum
507 1298 565 1371 est,
590 1290 671 1355 alios
694 1289 838 1355 deludite
862 1310 991 1372 quaeso.

112 1415 139 1456 rs
149 1396 230 1462 haec
247 1395 359 1462 domus
380 1403 512 1461 aeterna
535 1402 594 1479 est,
618 1395 671 1462 hic
687 1416 756 1462 sum
771 1397 861 1479 situs,
886 1396 939 1461 hie
955 1416 1010 1462 ero
1026 1415 1163 1480 semper.

221 1535 333 1592 Gruter
344 1537 405 1604 950,
416 1539 431 1592 7
443 1536 491 1591 Or.
504 1537 580 1603 1174,
595 1539 728 1592 correxit
737 1537 863 1591 Henaen
874 1536 922 1592 Or.
934 1554 961 1607 p.
974 1537 1027 1590 124
1037 1552 1075 1592 ex
1086 1537 1164 1591 actis

149 1610 216 1662 inst.
228 1610 309 1662 arch.
320 1609 389 1663 1831
403 1625 431 1678 p.
441 1609 485 1663 49.
504 1607 566 1662 AL.
576 1608 744 1663 Burmanni
757 1608 797 1663 IV
809 1608 871 1674 344,
884 1609 998 1677 Meyeri
1013 1608 1064 1662 189

147 1679 268 1733 Pisauri
368 1682 588 1749 praescriptum
608 1681 637 1733 d.
657 1680 699 1733 M.
719 1678 856 1734 Petronii
875 1678 1078 1749 Autiqeaa'dis,
1102 1694 1162 1733 ser-

148 1765 208 1805 uus
227 1752 321 1821 igilur
340 1754 553 1820 postmortem
573 1753 660 1819 quasi
679 1751 755 1804 liber
773 1759 903 1806 uocatus

222 1822 237 1874 1
256 1823 342 1876 seara
362 1823 508 1891 plerique.
538 1820 646 1876 semita
665 1829 807 1876 neutrum
824 1828 859 1875 ut
877 1823 1006 1887 ἡμιὸδιον
1026 1822 1076 1890 (gl.
1095 1821 1164 1874 Phi-

148 1892 241 1957 lox.)?
265 1892 296 1946 id
320 1908 375 1962 pro
399 1908 433 1947 re
456 1898 529 1946 nata
552 1907 618 1947 esse
641 1892 764 1946 uidetur
783 1893 940 1957 adscitum,
965 1908 1033 1947 curn
1052 1907 1163 1946 uersus

148 1980 226 2018 rura
245 1965 309 2018 sim.
328 1964 497 2033 postularet
597 1964 627 2016 11
649 1964 785 2019 clausula
804 1964 981 2033 Vergiliana
999 1962 1113 2018 Siliana

221 2035 256 2088 12
274 2040 472 2104 expectamus
486 2049 546 2103 per
563 2033 656 2089 litora
674 2042 729 2089 aut
747 2036 789 2089 ad
807 2034 911 2089 sidera
930 2035 1028 2089 teudo.
1057 2035 1160 2088 nescio

150 2106 223 2175 quid
242 2107 379 2160 utilitatis
403 2107 515 2160 habeat
528 2105 688 2174 possidere
712 2122 731 2159 a
747 2106 937 2163 Wakefieldo
963 2107 1161 2175 propositum,

144 2192 205 2246 per
227 2175 337 2231 limina
355 2177 556 2232 Burmannus.
588 2178 613 2231 si
632 2193 708 2232 uera
728 2188 772 2232 est
791 2179 950 2247 scriptura,
969 2182 1088 2231 noctem
1108 2176 1160 2230 du-

150 2249 280 2303 centium
300 2264 481 2318 supcrorum
502 2264 571 2302 cum
589 2250 694 2303 inferis
716 2250 924 2302 confusionem
944 2248 1089 2301 habemus

203 2320 237 2374 13
256 2321 293 2373 cf.
312 2320 400 2387 409,s
419 2318 542 2387 caucasi,
562 2335 632 2389 spes
652 2322 680 2373 at
697 2319 827 2388 fortuna
848 2319 953 2372 maleta.
985 2316 1045 2371 ΑΡ.
1064 2316 1107 2370 IX
1124 2316 1162 2369 49

148 2390 256 2445 incerti
280 2397 390 2460 poetae
411 2392 503 2455 Ἐλπὶς
522 2394 567 2445 καὶ
586 2392 630 2458 σύ,
651 2393 739 2457 Τύχη,
766 2391 837 2455 μέγα
855 2390 978 2455 χαίρετε·
1004 2391 1055 2441 τὸν
1074 2387 1160 2453 λιμέν’

148 2462 241 2528 εὗρον.
270 2463 354 2515 οὐδὲν
372 2463 434 2526 ἐμοὶ
456 2464 545 2529 χὺμῖν,
569 2463 682 2516 παίζετε
704 2464 772 2525 τοὺς
791 2463 850 2526 μετ’
869 2461 925 2526 ἐμέ.
955 2459 1040 2512 addit
1057 2458 1162 2512 Hense

149 2533 336 2601 epitaphium
356 2530 491 2587 Senecae
509 2531 571 2586 AL.
591 2534 642 2587 667
664 2533 696 2586 R.

618 2676 684 2740 435

148 2779 191 2844 Hi
214 2787 325 2846 sancte
348 2782 474 2846 coluere
498 2782 576 2848 deus
599 2782 785 2866 uixe[r·eque
808 2782 951 2865 honeste,

147 2893 220 2971 post
243 2888 364 2953 obitum
387 2888 514 2973 Elysios
538 2888 596 2973 [ut]
620 2896 751 2973 possent
775 2888 889 2973 [uisere
913 2909 1054 2974 campos.

221 3028 292 3084 CIL.
306 3029 347 3083 VI
361 3029 456 3098 12877,
476 3031 573 3084 codex
594 3030 688 3084 Vatic.
701 3029 780 3085 5241.
809 3029 871 3083 AL.
885 3029 1052 3083 Burmanni
1065 3028 1106 3083 IV
1116 3029 1159 3096 26,

147 3099 262 3169 Meyeri
282 3101 352 3155 1462
467 3102 526 3155 fuit
543 3101 667 3155 Romae.
700 3102 798 3156 fracto
819 3101 920 3171 lapide
938 3101 1159 3170 praescriptum

147 3187 209 3225 non
227 3172 389 3242 legebatur
408 3173 466 3226 nisi
485 3188 579 3226 unum
599 3188 710 3227 nomen
729 3174 764 3225 L.
784 3170 938 3226 Auianius
957 3170 1146 3242 Didmmus?

220 3243 234 3295 1
253 3242 361 3297 uiuere
375 3243 502 3312 probati
518 3244 653 3311 Bonada‚
673 3242 752 3298 beati
770 3243 964 3298 Burmannus
1064 3243 1081 3296 2
1099 3258 1160 3297 cer·

147 3328 218 3367 aare
237 3330 360 3382 campos
379 3315 429 3369 uel
447 3312 547 3369 uisere
566 3314 760 3369 Burmannus
778 3316 932 3384 suppleuit
1117 3312 1119 3316 ’

620 3459 686 3524 436

146 3563 216 3628 Iam
239 3562 334 3630 datus
358 3572 407 3631 est
430 3565 505 3631 fluis
528 3569 625 3649 uitae,
649 3567 714 3631 iam
737 3585 856 3651 paussa
878 3566 1032 3631 malorum
