2646 3884
603 195 731 235 seusam
1137 181 1173 236 39

160 344 188 397 te
215 340 320 396 uiator
343 344 572 396 monumentum
595 343 650 396 hoo
675 356 713 395 ue
736 340 862 397 laeseris
887 336 918 397 et
940 341 986 397 e'ta
1008 342 1115 397 maleas
1139 343 1173 395 ut

159 415 354 469 momumento
373 410 444 467 huic
461 410 507 467 nil
524 413 603 467 mole
620 411 731 482 feceris

646 573 688 639 75

159 675 245 766 Dum
268 700 360 782 uixit,
384 699 541 783 omni]bus
564 699 650 765 suuis
674 699 876 787 duloIssimus

160 808 326 890 formaque
350 805 516 890 egregium
537 806 653 890 magis]
678 805 740 872 hoe
762 826 862 891 puero
884 805 964 871 nihil
987 806 1056 886 fuit,

161 934 254 998 quem
275 933 361 979 mors
384 913 513 997 aoerbp
536 913 652 998 eripuit
675 935 695 978 a
718 912 914 998 parentibus.

233 1073 305 1130 CIL.
324 1073 367 1126 IX
384 1072 455 1127 2825
475 1073 633 1141 desem'peit
652 1072 780 1140 Ceraba,
800 1073 890 1142 periit
1006 1074 1038 1126 in
1051 1071 1172 1128 Samnio

159 1150 299 1216 repertus
318 1145 358 1198 ad
377 1143 507 1212 Sagram
526 1145 654 1198 fluuium
673 1144 750 1213 lapis
769 1145 927 1213 superiore
950 1148 1037 1213 parte
1056 1148 1087 1198 et
1105 1145 1174 1198 sini-

160 1221 223 1270 stra
246 1222 363 1284 ruptus.
395 1216 583 1284 praecedunt
605 1215 681 1269 haee
703 1214 804 1284 poter]
828 1215 853 1284 f.
878 1231 901 1268 e.
922 1230 996 1269 ...ms
1019 1231 1173 1269 aemorum

161 1288 238 1343 XVI
260 1302 458 1341 ....,amtorum
483 1287 594 1355 quibus
617 1288 649 1340 in
672 1285 767 1341 altero
792 1285 931 1340 Carabae
956 1287 1094 1355 exemplo
1119 1301 1174 1340 nu-

160 1374 262 1413 merus
280 1359 329 1411 XI
345 1358 531 1427 adiungitur,
550 1362 706 1426 tamqnam
730 1358 850 1411 duobus
869 1362 957 1428 pater
979 1357 1047 1411 filiis
1068 1372 1174 1413 monu-

160 1435 295 1484 mentum
314 1431 428 1496 feeerit‚
453 1444 575 1483 carmen
593 1436 694 1483 eutem
715 1429 823 1483 minori
842 1434 926 1483 natu.
966 1429 998 1481 in
1017 1428 1077 1482 fine
1096 1428 1174 1482 haec

159 1502 306 1571 leguntur
325 1498 431 1554 Malea
451 1499 480 1554 0.
498 1500 523 1568 f.
542 1498 604 1554 silo
623 1516 652 1553 a.
670 1501 783 1554 XXIII

232 1573 247 1625 1
272 1569 413 1626 omnibus
431 1571 605 1626 Mommsen.
630 1571 778 1641 quidquid
798 1570 963 1640 suppletur,
984 1571 1056 1625 satis
1076 1570 1173 1625 defor-

159 1645 248 1697 miter
266 1643 435 1697 uersieulue
455 1646 588 1697 structus
607 1648 653 1696 est
753 1642 770 1696 2
788 1643 832 1696 sie
844 1642 985 1712 suppleui
997 1647 1031 1698 ut
1043 1639 1089 1694 ml
1106 1657 1173 1711 pro-

159 1715 362 1782 nuntiaretur,
381 1714 517 1783 pulerius
536 1715 665 1767 fortasse
685 1729 776 1782 quam
792 1713 905 1767 uerius.
934 1724 1035 1782 neque
1054 1713 1173 1781 iudigni

159 1787 217 1839 isto
236 1786 356 1839 numeri
375 1785 536 1840 debiliores
555 1782 675 1853 simulo.
695 1782 814 1852 melius]
832 1785 887 1838 ltoo
901 1799 1000 1852 puero
1018 1781 1097 1840 otoo
1109 1781 1174 1852 ptuit

647 1946 688 2010 ie

158 2072 287 2155 Hospes
309 2070 423 2135 resiste
446 2076 479 2135 et
501 2068 668 2153 tumulu[m
693 2070 873 2154 contempla
895 2089 1010 2152 meum,

159 2178 234 2260 lege
258 2183 291 2243 et
312 2178 455 2261 moraris,
479 2178 544 2242 iam
567 2177 662 2261 so[ies
685 2177 786 2242 fatum
809 2196 918 2260 graue.

59 2278 62 2283 ’
160 2283 228 2349 nixi
252 2304 316 2366 qua
338 2285 429 2369 potui
450 2285 549 2349 karus
571 2266 698 2367 Rullino
721 2284 815 2369 patri.

159 2389 305 2455 hiesum
328 2390 480 2475 sepultus,
504 2390 558 2455 hio
581 2389 665 2473 oslsa
688 2391 720 2454 in
744 2396 830 2454 terra
853 2388 981 2461 cubant.

136 2497 268 2562 snalete
290 2502 324 2561 et
345 2497 428 2561 bene
451 2497 549 2561 facite
571 2496 675 2580 uo[bis
699 2495 774 2560 dum
796 2496 883 2561 lieet.

233 2671 304 2728 CIL.
315 2672 358 2726 IX
369 2673 439 2727 1764
452 2688 491 2727 ex
504 2672 631 2726 schedis.
667 2670 730 2725 AL.
746 2672 913 2726 Burmanni
925 2671 966 2726 IV
978 2672 1039 2739 380,
1058 2672 1173 2741 Meyeri

161 2742 232 2798 1505
357 2745 416 2798 fuit
434 2743 610 2798 Beneuenti.
639 2745 860 2813 praescriptum
875 2744 1011 2798 Bosseus
1024 2744 1173 2798 Benebeo-

162 2814 273 2883 [tomus]
299 2812 383 2869 uimt
410 2830 548 2869 annos...
573 2815 605 2868 id
629 2819 674 2869 est
692 2816 848 2869 Bassoeus
867 2815 1110 2879 Beneuentunms,
1133 2829 1174 2869 ne

159 2886 277 2940 mireris
304 2901 359 2956 pro
383 2887 564 2956 imperatiuo
590 2888 735 2955 seriptum
754 2883 888 2940 morom's
911 2902 941 2939 u.
960 2887 978 2940 2
997 2886 1080 2953 (uide
1097 2886 1141 2953 77,
1160 2901 1173 2939 a

161 2961 191 3011 et
210 2958 252 3025 90,
271 2957 294 3024 s)
315 2962 369 3010 aut
388 2958 565 3011 dissociatas
584 2959 616 3010 in
635 2958 769 3011 seeundo
789 2957 868 3026 pede
886 2958 1018 3011 uocales
1030 2972 1060 3010 u.
1079 2957 1096 3011 5

232 3029 247 3080 1
268 3030 409 3098 geminus
428 3043 537 3082 uersus
552 3028 595 3095 82,
615 3045 626 3082 1
647 3033 700 3082 aut
719 3029 761 3095 63,
781 3045 792 3082 1
906 3028 923 3082 2
943 3028 1079 3098 expleuit
1097 3026 1173 3083 Con-

160 3099 232 3153 rade
251 3101 282 3152 in
302 3099 413 3154 anthol.
434 3100 483 3153 lat.
503 3099 613 3153 librum
632 3099 673 3153 IV
694 3098 830 3166 (Bonnae
850 3114 877 3151 a.
897 3099 977 3163 1853)
997 3115 1025 3167 p.
1041 3098 1078 3152 44
1103 3100 1173 3152 seri-

159 3171 261 3225 bendo
286 3171 388 3240 fatum
406 3185 507 3223 meum
647 3170 664 3224 3
683 3172 796 3224 usitata
819 3171 949 3224 formula
973 3167 1056 3224 eiecit
1080 3186 1173 3224 corus

159 3240 235 3309 sois,
255 3241 304 3295 hie
324 3257 392 3296 eum
405 3242 482 3310 lapis
495 3241 636 3295 habuerit
654 3243 750 3295 karus
768 3258 842 3308 mom,
863 3248 977 3295 eertum
997 3256 1109 3294 nomen
1122 3241 1173 3294 ad·

160 3314 276 3382 sumpsi
386 3312 404 3365 4
423 3314 467 3365 sie
486 3311 630 3366 Conrado.
663 3314 749 3381 siquo
769 3312 881 3381 impelli
899 3313 947 3365 uis
966 3313 1173 3366 narrationem

159 3387 322 3450 momento,
342 3385 447 3453 accipe
467 3382 548 3451 os[sa
566 3381 617 3437 ille
636 3381 775 3438 condidit
880 3382 1031 3452 buolstro
1050 3380 1174 3451 οοψονί

160 3453 298 3509 Conrado
321 3456 374 3522 qui
396 3461 478 3508 reete
504 3456 585 3523 oepit
605 3455 694 3508 huius
719 3455 939 3509 adhortationis
967 3469 1004 3507 ao
1031 3455 1172 3508 similium

160 3526 350 3649 sententiam,
368 3526 498 3580 formam
517 3531 620 3580 autem
638 3527 756 3580 inuexit
775 3527 814 3579 ab
833 3526 923 3579 huius
941 3525 1020 3579 tituli
1033 3538 1173 3579 sermone

159 3610 292 3650 arenam
