2644 3884
589 144 729 186 DACTYLI

630 345 693 409 301

156 485 364 551 Constantina
388 485 483 551 deum
505 507 662 553 uenerans
686 487 878 571 Christoque
903 489 1013 555 dicata

156 592 310 658 Omnibus
333 593 485 678 impensis
508 593 626 659 deuota
648 601 755 660 mente
778 597 901 680 paratis

154 699 292 765 Numine
316 697 424 765 diuino
448 700 582 765 multum
605 700 796 785 Christoque
820 703 951 769 iuuante

155 803 289 870 Sacraui
313 807 464 890 templum
488 806 631 873 uictricis
654 809 788 891 uirginis
811 810 930 894 Agnes,

131 910 360 995 sTemplorum
383 911 469 995 quod
493 914 594 979 uincit
617 935 697 999 opus
720 923 911 999 terrenaque
935 925 1061 1001 cuncta⁷

154 1017 262 1082 Aurea
285 1039 367 1100 quae
390 1021 522 1086 rutilant
545 1023 658 1087 summi
681 1022 814 1105 fastigia
837 1026 926 1090 tecti.

154 1124 279 1190 Nomen
303 1125 386 1191 enim
411 1126 530 1193 Christi
554 1129 735 1195 celebratur
758 1130 889 1197 sedibus
912 1133 993 1216 istis,

155 1229 344 1296 Tartaream
368 1233 455 1299 solus
476 1236 581 1320 potuit
605 1238 659 1319 qui
682 1239 812 1304 uincere
835 1245 969 1304 mortem

155 1336 307 1404 Inuectus
330 1341 421 1406 caelo
445 1342 595 1425 solusque
618 1343 736 1409 inferre
760 1346 955 1431 triumphum

117 1466 145 1505 ιο
154 1442 279 1509 Nomen
302 1445 396 1512 Adae
419 1448 560 1515 referens
584 1456 617 1516 et
640 1472 755 1537 corpus
779 1459 812 1518 ct
835 1454 942 1519 omnia
965 1456 1108 1519 membra

155 1548 185 1612 A
207 1550 318 1616 mortis
340 1554 480 1620 tenebris
503 1563 535 1621 et
561 1577 660 1623 caeca
682 1566 777 1625 nocte
799 1560 917 1626 leuata.

155 1656 297 1741 Dignum
320 1658 419 1744 igitur
441 1684 555 1729 munus
576 1672 699 1752 martyr
723 1666 902 1751 deuotaque
927 1668 1054 1735 Christo

155 1762 207 1827 Ex
231 1766 345 1849 opibus
368 1770 485 1836 nostris
507 1792 565 1856 per
588 1775 717 1839 saecula
741 1776 837 1859 longa
859 1776 993 1859 tenebis,

157 1869 184 1935 O
208 1870 286 1938 felix
309 1875 411 1960 uirgo,
435 1879 633 1944 memorandi
656 1881 793 1947 nominis
816 1883 935 1968 Agnes.

228 2049 316 2106 Rossi
336 2055 425 2108 inser.
441 2056 541 2110 christ.
557 2057 642 2112 Rom.
656 2059 685 2112 II
697 2076 725 2129 p.
738 2059 775 2113 44
787 2060 922 2113 adhibito
939 2060 1043 2114 codice
1058 2058 1171 2113 saeculi

159 2119 229 2175 VIII
238 2122 376 2179 Parisino
393 2127 557 2196 pleniorem
573 2132 752 2198 promittens
768 2131 985 2194 recensionem,
1001 2129 1090 2184 Orelli
1102 2129 1172 2182 1097

229 2194 287 2249 tuit
297 2195 411 2252 Romae
427 2199 459 2250 in
478 2200 585 2268 apside
598 2201 741 2256 basilicae
755 2217 847 2270 quam
859 2199 1059 2256 Constantina
1072 2201 1127 2253 deo
1140 2199 1172 2252 in

157 2264 304 2321 honorem
324 2266 352 2323 S.
372 2267 499 2338 Agnetis
524 2271 702 2325 condiderat
724 2273 777 2325 uia
796 2271 995 2325 Nomentana.
1028 2269 1172 2324 Constan-

157 2338 222 2390 tina
242 2340 375 2394 creditur
395 2356 461 2395 esse
481 2341 670 2396 Constantini
688 2341 768 2413 Aug.
788 2343 849 2395 filia
870 2343 1000 2411 primum
1017 2340 1172 2395 Hanniba-

157 2408 238 2463 liano
251 2410 336 2536 {legi
356 2417 452 2481 nupta
472 2413 582 2467 deinde
602 2413 689 2468 Gallo
710 2413 832 2468 Caesari
854 2415 892 2476 (a.
902 2413 965 2477 351)
986 2413 1023 2466 cf.
1042 2410 1172 2464 Ammia-

159 2495 233 2534 num
296 2483 354 2536 Vl
384 2485 401 2537 2

229 2553 246 2606 3
264 2525 387 2609 nomir’re
407 2556 436 2609 d.
450 2557 637 2637 multumque
649 2555 768 2611 Christo
787 2553 905 2610 iubente
918 2555 1012 2609 Paris.
1089 2554 1107 2606 4
1125 2569 1173 2608 sa·

157 2623 259 2678 orauit
278 2624 327 2679 Or.
427 2627 444 2682 5
464 2643 542 2697 quae
560 2626 636 2681 accit
655 2627 703 2682 Or.
804 2628 821 2681 6
839 2624 986 2696 aureique
1004 2626 1100 2679 Paris.

194 2694 302 2749 rutilat
321 2696 369 2751 Or.
471 2700 488 2752 9
506 2697 700 2769 iactatusque
720 2699 801 2752 caelo
820 2699 903 2753 solus
920 2698 1004 2767 ferre
1022 2697 1117 2750 Paris.

231 2768 265 2820 10
283 2769 361 2822 adae
380 2768 504 2824 Rossius
524 2786 541 2825 e
563 2771 667 2824 codice
686 2770 759 2824 alio:
779 2770 859 2824 adde
878 2769 972 2823 Paris.
992 2769 1093 2823 adhuc
1112 2767 1161 2822 Or.

635 2967 701 3031 302

159 3106 254 3188 Felix
277 3108 410 3174 militiae
434 3110 568 3195 sumpsit
592 3108 710 3175 deuota
733 3110 863 3175 Iouinus

162 3217 290 3299 cingula
312 3216 464 3281 uirtutum
488 3216 613 3281 culmen
636 3223 808 3301 prouectus
831 3216 863 3280 in
886 3216 985 3280 altum

160 3322 274 3405 hisque
298 3322 391 3389 datus
414 3323 536 3389 meritis
559 3324 700 3406 equitum
723 3322 930 3407 peditumque
953 3321 1107 3406 magister

161 3430 274 3494 extulit
297 3437 461 3495 aeternum
484 3432 662 3496 saeclorum
684 3430 718 3494 in
741 3430 870 3495 saecula
892 3448 1017 3494 nomen.
1172 3420 1175 3426 ’

137 3517 218 3601 ssed
242 3535 363 3621 pietate
386 3536 479 3620 graui
502 3543 594 3602 tanta
618 3536 698 3602 haee
721 3536 894 3621 praeconia
916 3533 996 3600 uicit
