2644 3884
573 160 761 200 anxannrnr
1121 149 1171 203 131

155 308 357 376 conditorque
378 307 515 361 coloniae
529 306 636 376 leiae
655 306 806 361 Traianae
824 306 958 362 Dacicae
977 323 1003 360 a.
1016 308 1068 361 110
1086 307 1170 372 (CIL.

157 380 201 433 ΙΙΙ
220 395 250 448 p.
262 378 315 432 868
335 384 364 432 et
383 395 411 431 n.
432 377 521 446 1443),
545 379 676 432 fortasse
695 376 837 432 Gentiani
862 379 910 431 hic
935 380 1030 433 frater
1049 384 1101 447 est,
1128 395 1173 435 se·

157 450 291 505 cundum
310 449 527 504 Mommsenum
567 456 633 503 ater
760 449 853 518 (ique
873 450 970 504 adieci
991 451 1132 504 omissum
1152 467 1172 505 a

156 521 356 576 Boldenselio.
390 521 470 575 idem
488 521 521 573 in
539 466 599 574 Mne
617 535 726 575 uersus
750 535 813 574 csse
831 520 964 583 tradidit,
990 522 1049 575 feci
1068 523 1135 576 coest
1151 524 1172 577 t.

157 608 229 647 nam
247 593 408 661 indignum
427 594 545 661 poetria
564 596 626 645 tarn
644 592 749 659 scalpo
763 592 925 660 querelam,
945 589 1067 646 ott-esset
1079 609 1172 661 quam

154 662 198 718 sit
216 664 234 716 i.
255 666 413 733 contingat
431 678 541 717 nomen
559 665 590 717 in
609 663 768 732 pyramide
788 678 859 716 esse.
896 663 1098 717 Mommsenns
1118 679 1172 718 nu·

157 751 213 805 per
232 736 361 790 coniecit
378 749 441 789 cccc

632 860 696 924 211

156 1004 273 1069 Inuicti
297 1001 481 1068 ueneranda
505 1002 595 1067 ducis
618 1022 676 1087 per
699 1003 829 1067 saecula
852 1002 971 1067 uellent

157 1111 315 1176 Victrices
338 1109 458 1191 Musae,
482 1108 601 1191 Pallas,
628 1109 760 1174 crinitus
783 1109 899 1194 Apollo

90 1258 94 1263 ἡ
156 1218 261 1282 Laeta
283 1215 449 1282 sereniiico
473 1215 648 1280 defundere
673 1216 814 1281 carmina
838 1215 938 1298 caelo,

157 1325 353 1389 Intemerata
375 1322 477 1387 malas
498 1322 661 1386 hominum
685 1328 733 1387 set
756 1322 886 1386 numina
909 1321 1040 1388 fraudes

131 1431 329 1514 slurgiaque
352 1430 478 1495 arcanis
501 1434 534 1493 et
556 1428 680 1513 perfida
702 1436 836 1513 pectora
859 1430 943 1494 curis

157 1536 295 1620 Fugere.
334 1535 492 1601 Hadriani
515 1541 622 1600 tamen
646 1535 689 1600 ad
712 1537 767 1619 pia
790 1536 920 1624 saccula
942 1536 1025 1600 uerti

157 1644 245 1708 Ausa
268 1663 325 1727 pcr
348 1643 492 1708 occultas
515 1648 659 1707 remeant
681 1644 797 1706 rimata
819 1643 971 1724 latebras,

158 1749 202 1814 Vt
224 1751 346 1833 spirent
370 1755 480 1814 cautes
503 1768 542 1814 ac
565 1753 710 1833 tempora
732 1749 838 1832 prisca
861 1747 1023 1831 salutc[nt.

158 1856 260 1921 Sacra
283 1855 472 1920 Mamertino
496 1861 668 1919 sonuerunt
690 1853 839 1939 praeside
863 1853 979 1937 siglna.

121 1991 148 2030 ιο
158 1963 241 2026 Tum
264 1981 412 2046 superum
435 1961 605 2026 manifesta
627 1959 708 2025 fides
731 1961 836 2025 stetit:
860 1960 1012 2043 inclutuls
1035 1961 1129 2026 heros

158 2068 309 2134 Inachias
332 2088 443 2152 sospes
467 2067 526 2131 diti
549 2066 633 2153 pede
656 2068 773 2151 pressit
795 2066 954 2150 harenals.

158 2176 305 2258 Namque
328 2176 411 2240 inter
435 2175 513 2240 celsi
536 2173 673 2239 densata
696 2174 811 2239 sedilia
834 2173 968 2259 temlpli,

157 2281 270 2346 Incola
293 2301 355 2364 quo
379 2282 490 2365 plebes
513 2282 608 2347 tectis
631 2280 805 2346 effunditur
828 2280 923 2363 a[ltis,

157 2388 290 2453 Munera
314 2387 515 2472 caelilcolum
562 2414 580 2453 .·
617 2436 903 2453 ......

229 2564 365 2619 Niebuhr
374 2566 463 2618 inser.
474 2565 644 2620 Nubienses
655 2579 757 2633 opusc.
768 2563 834 2632 Hp.
847 2563 899 2617 194
910 2562 1013 2630 (Orelli
1023 2562 1086 2629 855)
1098 2563 1170 2618 CIL.

158 2635 258 2692 11177.
282 2634 344 2689 AL.
354 2635 469 2704 Meyeri
481 2636 533 2689 812
633 2637 665 2688 in
679 2635 789 2703 templo
801 2634 961 2689 Talmensi.
982 2650 1043 2687 non
1055 2650 1170 2704 pancos

158 2707 284 2776 periisse
298 2722 407 2760 uersus
421 2722 489 2760 curn
504 2723 543 2761 ex
558 2712 739 2776 argumento
760 2710 895 2775 apparet,
916 2707 1060 2775 quoniam
1079 2707 1170 2761 fontis

157 2778 321 2847 descriptio
338 2778 480 2832 extremis
496 2779 637 2832 uersibus
650 2778 819 2843 incohatur,
835 2782 900 2830 t-um
913 2793 952 2831 ex
967 2778 1171 2846 parastichide

158 2849 233 2904 adii
243 2847 389 2903 Faustini
404 2849 450 2902 M·
467 2851 519 2917 qui
539 2865 599 2918 quo
619 2850 720 2903 officio
734 2863 837 2916 quaue
854 2848 1079 2902 necessitudine
1093 2864 1171 2902 com-

158 2924 258 2976 motus
277 2922 315 2973 sit
334 2919 524 2974 Hadrianum
542 2919 623 2990 Aug.
643 2925 673 2974 et
691 2919 902 2973 Mamertinum
927 2920 1116 2988 praefectum
1137 2924 1171 2972 ut

157 2997 244 3046 tanto
270 3006 362 3060 opere
385 2991 563 3045 adularetur
586 2993 698 3045 nescio.
736 2990 896 3044 Petronius
915 2989 1119 3055 Mamertinus,
1146 2991 1171 3044 si

158 3060 326 3117 Memnonis
345 3067 465 3116 statuae
483 3064 710 3132 inscriptionem
723 3061 907 3115 Letronnius
926 3062 1026 3123 (inser.
1039 3060 1171 3130 Aegypt.

159 3133 189 3187 ΙΙ
208 3150 235 3203 p.
249 3134 302 3188 375
322 3132 393 3188 CIL.
413 3132 457 3186 ΙΠ
475 3133 521 3201 44)
541 3138 623 3187 recte
643 3133 825 3199 emendarum,
845 3136 1019 3201 praefectus
1037 3129 1171 3201 Aegypti

160 3205 278 3258 audiuit
302 3204 492 3259 Memnonem
516 3207 630 3269 (cautes
649 3219 678 3258 n.
696 3205 724 3268 8)
749 3218 829 3257 anno
859 3203 918 3268 134,
947 3203 1172 3271 praefecturam

158 3290 226 3330 eam
246 3276 401 3330 abdicauit
420 3280 491 3330 ante
505 3275 652 3329 Hadriani
671 3280 806 3340 mortem,
826 3274 978 3343 praetorio
999 3274 1172 3342 praefectus

158 3348 217 3401 fuit
236 3362 263 3401 a.
284 3347 336 3401 140
354 3346 537 3410 (Hirschfeld
555 3347 622 3400 hist.
641 3347 806 3399 administr.
826 3361 854 3414 p.
868 3345 928 3413 225,
942 3343 987 3408 36)

231 3418 248 3471 2
269 3416 400 3473 crinitus
415 3418 522 3484 Apollo
542 3418 656 3471 Ennius
676 3421 754 3486 trag.
774 3416 809 3469 29
827 3415 860 3470 R.
873 3414 1114 3486 Vergilius-Aen.
1128 3414 1172 3469 IX

158 3488 221 3543 635.
249 3494 313 3543 tum
332 3494 420 3544 erant
438 3490 517 3559 leii
536 3488 641 3544 Criniti
753 3488 769 3540 3
789 3489 832 3541 sic
848 3485 1039 3557 sodomiticus
1058 3485 1171 3541 Gellius

160 3559 245 3614 XVII
263 3561 288 3627 8,
308 3560 342 3613 14
363 3559 588 3630 contemptrices
607 3559 743 3613 Lucilius
763 3557 918 3628 delenifica
937 3560 1032 3613 uerbo
1050 3557 1174 3612 Fronto.
