2650 3882
144 150 196 203 162
582 161 721 202 phorm
826 172 830 183 ¹

216 308 288 364 CIL.
298 308 369 362 VIII
378 308 448 362 2521
463 308 590 360 contulit
599 308 768 361 Wilmauns
866 309 899 361 iu
912 309 976 362 oasi
987 307 1159 377 Symmachi

144 397 205 435 non
234 381 326 449 longe
355 395 372 432 a
396 379 565 432 Lambaese
586 380 618 431 iu
641 379 760 433 duobus
783 379 936 448 lapidibus
958 380 1158 449 angularibus

147 467 276 521 quorum
295 466 375 503 unus
395 452 465 503 hine
484 451 695 517 aemule-potes
714 451 796 503 illinc
815 450 944 519 si-‚qemq
965 451 1041 504 alter
1056 455 1158 505 cetera

145 523 291 591 inscripta
305 523 404 575 habet.
429 523 547 574 litterae
561 522 693 574 infimam
707 528 837 575 aetatem
850 521 994 575 indicant.
1020 523 1052 574 in
1065 537 1159 575 uersu

145 595 162 647 2
175 595 263 647 metri
276 594 374 647 uicem
387 598 471 647 tenet
482 593 648 646 uerborum
661 594 856 646 concinnitas
877 594 913 646 ci.
926 592 997 647 CIL.
1008 592 1078 646 VIII
1088 593 1159 647 2524

144 663 240 719 liuida
259 663 405 734 rt...quid
424 665 523 717 duc...

621 754 686 817 335

145 879 269 960 Siliqua
292 877 441 959 frequens
464 877 575 942 foueas
598 897 670 941 urea
692 868 840 942 membra
857 878 997 942 lauacro.

219 1037 341 1105 uphem.
362 1036 663 1106 epigraph.V1308,
691 1035 818 1089 111135
842 1053 870 1104 p.
886 1037 937 1090 ree
964 1001 1002 1090 ἐκ
1025 1037 1158 1105 imagine

146 1108 360 1177 photographa
480 1107 678 1161 Orloausvillc
698 1123 793 1176 prope
814 1107 964 1175 'Pigauam
983 1107 1157 1160 Maurorum

145 1181 177 1231 iu
197 1180 372 1247 pauimento
392 1178 493 1232 balnei
515 1183 621 1231 ornato
638 1180 763 1247 picturis
776 1180 944 1231 uenatoriis
1043 1177 1159 1247 siliqua

146 1266 201 1319 pro
222 1250 307 1303 sedili
327 1250 464 1303 balneari
483 1249 717 1303 habuitMowat.
745 1255 799 1302 aut
817 1265 929 1302 nomen
947 1250 1040 1303 fontis
1055 1255 1100 1303 est
1119 1249 1158 1302 ad

146 1322 271 1373 lauacra
291 1320 417 1373 adhibiti
438 1326 491 1373 aut
510 1321 625 1388 siliquis
640 1335 739 1388 aquae
758 1321 789 1372 ln
808 1320 859 1373 illa
879 1320 979 1373 balnei
994 1326 1081 1389 parte
1101 1336 1159 1374 mc·
1180 1325 1188 1339 ⁸

147 1392 336 1458 dicabantur,
357 1397 391 1444 ut
410 1391 500 1445 hodie
519 1392 690 1444 furfuribus
708 1393 822 1443 utimur

622 1551 687 1615 336

147 1675 270 1759 Qu]isq.
295 1674 362 1739 sitit
386 1675 495 1738 ueniat
518 1676 649 1758 cupiens
673 1676 777 1739 aurire
801 1675 929 1740 fluenta.
1027 1766 1029 1771 Ι

219 1833 290 1888 CIL.
309 1833 378 1887 XIV
398 1833 466 1887 1941
580 1832 689 1899 Ostiae,
709 1849 792 1887 nunc
810 1833 924 1886 Romae
1033 1834 1065 1885 in
1084 1849 1159 1886 mar-

146 1921 230 1959 more
250 1906 289 1957 ad
307 1905 568 1973 quadriporticum
582 1906 647 1957 siue
661 1905 764 1973 puteal
778 1909 881 1972 aptato
895 1906 927 1957 in
940 1909 1027 1972 parte
1041 1910 1159 1971 quarta,

146 1979 178 2029 in
198 1976 332 2030 secunda
353 1980 382 2029 et
401 1977 489 2029 tertia
509 1977 651 2044 apparuit
671 1973 786 2029 atrium
805 1991 874 2029 cum
892 1972 1160 2043 quadriporticum

147 2049 201 2102 sed
220 2049 247 2099 et
265 2047 422 2100 columnas
442 2062 510 2100 cum
522 2086 527 2097 .
539 2087 553 2112 .,
577 2048 607 2098 in
627 2048 724 2114 prima
743 2061 854 2099 nomen
874 2048 938 2099 eius
957 2048 1051 2099 fuisse
1071 2050 1159 2115 putes
1186 2105 1188 2110 ,

148 2120 200 2186 qui
220 2119 346 2171 dederat
452 2119 542 2170 ‘hunc
560 2132 683 2170 uersum
703 2118 804 2186 posuit
823 2116 1027 2185 Hieronymus
1046 2118 1078 2169 in
1097 2133 1160 2170 car-

146 2192 228 2242 mine
248 2189 329 2257 quod
350 2188 433 2241 dedit
454 2189 493 2241 ad
504 2188 669 2241 Damasum
690 2204 801 2257 papam
820 2187 956 2250 (Damasi
976 2203 1023 2256 op.
1044 2188 1089 2241 ed.
1101 2187 1159 2241 Me·

146 2261 243 2313 reuda
262 2276 289 2328 p.
304 2259 376 2327 245),
401 2259 479 2311 idem
504 2260 665 2328 legebatur
687 2260 800 2312 incisus
824 2260 856 2311 in
880 2259 964 2312 labro
989 2274 1158 2312 marmoreo

147 2331 262 2384 Romae
287 2337 358 2383 ante
382 2331 540 2384 ecclesiam
566 2328 593 2384 S.
614 2329 837 2382 Bartholomaci
863 2331 894 2382 in
919 2330 1020 2382 insula
1041 2330 1158 2396 (Murat.

147 2402 207 2470 489,
228 2402 263 2465 7)'
282 2401 407 2454 Rossius
432 2403 483 2469 qui
507 2403 595 2454 inser.
616 2401 714 2453 christ.
735 2400 817 2454 Rom.
838 2399 867 2452 II
886 2416 914 2469 p.
927 2400 981 2453 450
1000 2408 1030 2454 et
1048 2401 1101 2454 464
1121 2416 1159 2454 ex

148 2474 266 2527 schedis
291 2473 384 2526 edidit
408 2481 438 2525 et
457 2473 618 2542 diligenter
637 2477 856 2524 commentatus
876 2470 1008 2524 Damaso
1025 2472 1160 2524 uindica-

147 2547 193 2597 uit
205 2544 412 2598 tetrastichum
425 2542 554 2612 quisquc
567 2541 632 2596 sitit
644 2541 750 2595 ueniat
762 2541 888 2609 cupieos
898 2542 1024 2596 haurire
1036 2543 1159 2611 fluenta,

147 2613 283 2668 1111111111
301 2613 404 2667 latices
423 2616 550 2667 seruant
569 2612 623 2682 qui
643 2612 747 2667 dulcia
770 2615 875 2667 mella:
903 2613 1047 2668 sordibus
1071 2629 1159 2681 coopo-

148 2684 216 2738 sitis
232 2687 375 2753 purpurat
390 2683 563 2751 penetralia
573 2683 676 2738 cordis
690 2687 900 2752 periuratum
913 2686 1064 2738 renouarat
1076 2684 1161 2738 Chri·

147 2758 193 2809 sto
212 2755 330 2809 seruire
345 2754 455 2823 parati

624 2846 686 2909 337

220 2967 291 3023 CIL.
302 2968 342 3022 VI
353 2968 441 3021 22863
459 2968 597 3021 urbanae
611 2968 737 3036 originis
756 2968 868 3020 tabella
881 2983 1060 3033 marmorea,
1079 2983 1161 3022 nunc

148 3039 312 3105 Bononiae,
333 3041 376 3092 sic
396 3040 547 3106 descripta
566 3040 605 3091 ab
616 3039 862 3107 Zangemeistero
877 3039 925 3091 da.
941 3054 1011 3106 pur.
1028 3053 1072 3092 us.
1092 3037 1158 3107 hic!

148 3110 227 3164 nuic.
256 3109 343 3179 inest,
364 3125 443 3178 quae
462 3125 534 3162 num
553 3110 729 3177 sepulcralis
745 3111 784 3162 sit
796 3124 932 3176 uereque
946 3109 1161 3181 autiquaHen-

149 3197 243 3235 zenus
254 3182 380 3246 dubitat,
396 3181 476 3233 lacui
485 3181 612 3233 lahroue
623 3181 773 3234 destinata
784 3181 915 3233 uidetur.
935 3182 1077 3249 supplere
1091 3181 1161 3234 licet

238 3254 279 3306 do
294 3267 405 3319 purus,
425 3250 473 3305 hic
492 3249 572 3304 Nais
591 3249 677 3318 inest,
698 3251 864 3320 [urnasque
883 3267 1053 3320 manusque

625 3412 689 3476 338

150 3537 272 3620 Accipe
295 3556 346 3601 mc
370 3536 482 3620 slilties
506 3544 538 3602 et
562 3537 654 3602 trade
678 3536 791 3603 sodali.
