<?xml version="1.0" encoding="UTF-8"?>
<!DOCTYPE html PUBLIC "-//W3C//DTD XHTML 1.0 Transitional//EN"
    "http://www.w3.org/TR/xhtml1/DTD/xhtml1-transitional.dtd">
<html xmlns="http://www.w3.org/1999/xhtml" xml:lang="en" lang="en">
 <head>
  <title>
</title>
<meta http-equiv="Content-Type" content="text/html;charset=utf-8" />
  <meta name='ocr-system' content='tesseract 3.04.00' />
  <meta name='ocr-capabilities' content='ocr_page ocr_carea ocr_par ocr_line ocrx_word'/>
</head>
<body>
  <div class='ocr_page' id='page_1' title='image "./anthologialatin00lommgoog_0301.png"; bbox 0 0 2650 3882; ppageno 0'>
   <div class='ocr_carea' id='block_1_1' title="bbox 147 155 723 209">
    <p class='ocr_par' dir='ltr' id='par_1_1' title="bbox 147 155 723 209">
     <span class='ocr_line' id='line_1_1' title="bbox 147 155 723 209; baseline -0.002 0"><span class='ocrx_word' id='word_1_1' title='bbox 147 155 201 209; x_wconf 76' lang='lat'><strong>230</strong></span> <span class='ocrx_word' id='word_1_2' title='bbox 584 168 723 209; x_wconf 76' lang='grc'><strong>11111111</strong></span> 
     </span>
    </p>
   </div>
   <div class='ocr_carea' id='block_1_2' title="bbox 123 315 1232 720">
    <p class='ocr_par' dir='ltr' id='par_1_2' title="bbox 123 315 1232 720">
     <span class='ocr_line' id='line_1_2' title="bbox 148 315 1092 401; baseline -0.001 -20"><span class='ocrx_word' id='word_1_3' title='bbox 148 315 274 381; x_wconf 77' lang='lat' dir='ltr'><strong>doctior</strong></span> <span class='ocrx_word' id='word_1_4' title='bbox 297 315 359 381; x_wconf 92' lang='lat' dir='ltr'><strong>hoc</strong></span> <span class='ocrx_word' id='word_1_5' title='bbox 382 336 475 381; x_wconf 91' lang='lat' dir='ltr'><strong>nemo</strong></span> <span class='ocrx_word' id='word_1_6' title='bbox 498 315 569 399; x_wconf 84' lang='lat' dir='ltr'><strong>fuit,</strong></span> <span class='ocrx_word' id='word_1_7' title='bbox 593 317 697 401; x_wconf 89' lang='lat' dir='ltr'><strong>potuit</strong></span> <span class='ocrx_word' id='word_1_8' title='bbox 720 336 814 399; x_wconf 86' lang='lat' dir='ltr'><strong>quem</strong></span> <span class='ocrx_word' id='word_1_9' title='bbox 836 316 966 381; x_wconf 89' lang='lat' dir='ltr'><strong>uincere</strong></span> <span class='ocrx_word' id='word_1_10' title='bbox 989 335 1092 397; x_wconf 89' lang='lat' dir='ltr'><strong>nemo,</strong></span> 
     </span>
     <span class='ocr_line' id='line_1_3' title="bbox 149 422 1163 506; baseline 0 -19"><span class='ocrx_word' id='word_1_11' title='bbox 149 443 270 506; x_wconf 87' lang='lat' dir='ltr'><strong>organa</strong></span> <span class='ocrx_word' id='word_1_12' title='bbox 294 422 348 506; x_wconf 91' lang='lat' dir='ltr'><strong>qui</strong></span> <span class='ocrx_word' id='word_1_13' title='bbox 371 429 479 489; x_wconf 91' lang='lat' dir='ltr'><strong>nosset</strong></span> <span class='ocrx_word' id='word_1_14' title='bbox 502 422 610 488; x_wconf 83' lang='lat' dir='ltr'><strong>facere</strong></span> <span class='ocrx_word' id='word_1_15' title='bbox 633 443 788 506; x_wconf 89' lang='lat' dir='ltr'><strong>aquarum</strong></span> <span class='ocrx_word' id='word_1_16' title='bbox 811 430 867 487; x_wconf 90' lang='lat' dir='ltr'><strong>aut</strong></span> <span class='ocrx_word' id='word_1_17' title='bbox 891 422 1008 489; x_wconf 89' lang='lat' dir='ltr'><strong>ducere</strong></span> <span class='ocrx_word' id='word_1_18' title='bbox 1024 441 1163 487; x_wconf 89' lang='lat' dir='ltr'><strong>cursum.</strong></span> 
     </span>
     <span class='ocr_line' id='line_1_4' title="bbox 123 528 1232 614; baseline 0.002 -22"><span class='ocrx_word' id='word_1_19' title='bbox 123 528 202 594; x_wconf 72' lang='lat' dir='ltr'><strong>ibic</strong></span> <span class='ocrx_word' id='word_1_20' title='bbox 225 530 362 594; x_wconf 89' lang='lat' dir='ltr'><strong>conulua</strong></span> <span class='ocrx_word' id='word_1_21' title='bbox 384 529 445 594; x_wconf 85' lang='lat' dir='ltr'><strong>fuit</strong></span> <span class='ocrx_word' id='word_1_22' title='bbox 468 528 581 612; x_wconf 87' lang='lat' dir='ltr'><strong>dulcis,</strong></span> <span class='ocrx_word' id='word_1_23' title='bbox 605 534 714 594; x_wconf 89' lang='lat' dir='ltr'><strong>nosset</strong></span> <span class='ocrx_word' id='word_1_24' title='bbox 736 529 790 612; x_wconf 92' lang='lat' dir='ltr'><strong>qui</strong></span> <span class='ocrx_word' id='word_1_25' title='bbox 814 549 947 614; x_wconf 85' lang='lat' dir='ltr'><strong>pascere</strong></span> <span class='ocrx_word' id='word_1_26' title='bbox 970 529 1101 612; x_wconf 89' lang='lat' dir='ltr'><strong>amicos,</strong></span> <span class='ocrx_word' id='word_1_27' title='bbox 1229 597 1232 603; x_wconf 63' lang='grc'><strong>,</strong></span> 
     </span>
     <span class='ocr_line' id='line_1_5' title="bbox 148 625 1153 720; baseline 0.002 -21"><span class='ocrx_word' id='word_1_28' title='bbox 148 636 278 719; x_wconf 90' lang='lat' dir='ltr'><strong>ingenio</strong></span> <span class='ocrx_word' id='word_1_29' title='bbox 302 634 409 702; x_wconf 90' lang='lat' dir='ltr'><strong>studio</strong></span> <span class='ocrx_word' id='word_1_30' title='bbox 433 634 548 701; x_wconf 91' lang='lat' dir='ltr'><strong>docilis</strong></span> <span class='ocrx_word' id='word_1_31' title='bbox 570 636 709 718; x_wconf 87' lang='lat' dir='ltr'><strong>animoq.</strong></span> <span class='ocrx_word' id='word_1_32' title='bbox 733 636 901 720; x_wconf 89' lang='lat' dir='ltr'><strong>benignus.</strong></span> <span class='ocrx_word' id='word_1_33' title='bbox 1151 625 1153 628; x_wconf 49' lang='grc'>’</span> 
     </span>
    </p>
   </div>
   <div class='ocr_carea' id='block_1_3' title="bbox 148 774 1166 1557">
    <p class='ocr_par' dir='ltr' id='par_1_3' title="bbox 148 774 1165 1132">
     <span class='ocr_line' id='line_1_6' title="bbox 221 774 1164 844; baseline -0.003 -12"><span class='ocrx_word' id='word_1_34' title='bbox 221 775 293 832; x_wconf 84' lang='lat' dir='ltr'><strong>CIL.</strong></span> <span class='ocrx_word' id='word_1_35' title='bbox 307 777 366 831; x_wconf 89' lang='lat' dir='ltr'><strong>XII</strong></span> <span class='ocrx_word' id='word_1_36' title='bbox 375 777 429 831; x_wconf 76' lang='lat'><strong>722</strong></span> <span class='ocrx_word' id='word_1_37' title='bbox 448 777 574 832; x_wconf 89' lang='lat' dir='ltr'><strong>contulit</strong></span> <span class='ocrx_word' id='word_1_38' title='bbox 586 777 766 844; x_wconf 78' lang='lat' dir='ltr'><strong>Hirschfeld,</strong></span> <span class='ocrx_word' id='word_1_39' title='bbox 785 776 911 831; x_wconf 89' lang='lat' dir='ltr'><strong>Henzen</strong></span> <span class='ocrx_word' id='word_1_40' title='bbox 931 777 980 832; x_wconf 87' lang='lat' dir='ltr'><strong>Or.</strong></span> <span class='ocrx_word' id='word_1_41' title='bbox 993 776 1071 831; x_wconf 77' lang='lat'><strong>7231.</strong></span> <span class='ocrx_word' id='word_1_42' title='bbox 1100 774 1164 830; x_wconf 88' lang='lat' dir='ltr'><strong>AL.</strong></span> 
     </span>
     <span class='ocr_line' id='line_1_7' title="bbox 148 847 1163 918; baseline 0 -18"><span class='ocrx_word' id='word_1_43' title='bbox 148 847 316 902; x_wconf 84' lang='lat' dir='ltr'><strong>Burmanni</strong></span> <span class='ocrx_word' id='word_1_44' title='bbox 334 848 375 902; x_wconf 95' lang='lat' dir='ltr'><strong>IV</strong></span> <span class='ocrx_word' id='word_1_45' title='bbox 387 849 448 916; x_wconf 78' lang='lat'><strong>321,</strong></span> <span class='ocrx_word' id='word_1_46' title='bbox 469 848 583 918; x_wconf 90' lang='lat' dir='ltr'><strong>Meyeri</strong></span> <span class='ocrx_word' id='word_1_47' title='bbox 603 848 673 902; x_wconf 86' lang='grc'><strong>1496</strong></span> <span class='ocrx_word' id='word_1_48' title='bbox 773 847 904 902; x_wconf 81' lang='lat' dir='ltr'><strong>Arelate.</strong></span> <span class='ocrx_word' id='word_1_49' title='bbox 941 849 1163 918; x_wconf 88' lang='lat' dir='ltr'><strong>praescriptum</strong></span> 
     </span>
     <span class='ocr_line' id='line_1_8' title="bbox 150 916 1162 1001; baseline -0.003 -28"><span class='ocrx_word' id='word_1_50' title='bbox 150 920 178 973; x_wconf 90' lang='lat' dir='ltr'><strong>d.</strong></span> <span class='ocrx_word' id='word_1_51' title='bbox 190 919 232 972; x_wconf 89' lang='lat' dir='ltr'><strong>M.</strong></span> <span class='ocrx_word' id='word_1_52' title='bbox 245 918 276 981; x_wconf 79' lang='lat' dir='ltr'><strong>Q.</strong></span> <span class='ocrx_word' id='word_1_53' title='bbox 289 918 442 988; x_wconf 71' lang='lat' dir='ltr'><strong>Candddi]</strong></span> <span class='ocrx_word' id='word_1_54' title='bbox 456 917 592 990; x_wconf 79' lang='lat' dir='ltr'><strong>Beaipai</strong></span> <span class='ocrx_word' id='word_1_55' title='bbox 607 916 715 989; x_wconf 67' lang='lat' dir='ltr'><strong>ferbui)</strong></span> <span class='ocrx_word' id='word_1_56' title='bbox 733 916 885 989; x_wconf 70' lang='lat' dir='ltr'><strong>tipmmrii)</strong></span> <span class='ocrx_word' id='word_1_57' title='bbox 904 917 1065 1001; x_wconf 78' lang='lat' dir='ltr'><strong>corplom&#39;s)</strong></span> <span class='ocrx_word' id='word_1_58' title='bbox 1079 919 1162 986; x_wconf 71' lang='lat' dir='ltr'><strong>Arte·</strong></span> 
     </span>
     <span class='ocr_line' id='line_1_9' title="bbox 149 987 1165 1060; baseline 0 -17"><span class='ocrx_word' id='word_1_59' title='bbox 149 988 294 1054; x_wconf 75' lang='lat' dir='ltr'><strong>latensisl.</strong></span> <span class='ocrx_word' id='word_1_60' title='bbox 326 992 530 1060; x_wconf 89' lang='lat' dir='ltr'><strong>subscriptum</strong></span> <span class='ocrx_word' id='word_1_61' title='bbox 545 987 701 1045; x_wconf 81' lang='lat' dir='ltr'><strong>Condidia</strong></span> <span class='ocrx_word' id='word_1_62' title='bbox 715 989 863 1053; x_wconf 77' lang='lat' dir='ltr'><strong>Quintius</strong></span> <span class='ocrx_word' id='word_1_63' title='bbox 877 992 966 1059; x_wconf 83' lang='lat' dir='ltr'><strong>palm</strong></span> <span class='ocrx_word' id='word_1_64' title='bbox 984 987 1165 1044; x_wconf 81' lang='lat' dir='ltr'><strong>dulcissimo</strong></span> 
     </span>
     <span class='ocr_line' id='line_1_10' title="bbox 150 1059 824 1132; baseline 0 -17"><span class='ocrx_word' id='word_1_65' title='bbox 150 1063 177 1115; x_wconf 86' lang='lat' dir='ltr'><strong>et</strong></span> <span class='ocrx_word' id='word_1_66' title='bbox 197 1063 259 1117; x_wconf 85' lang='lat' dir='ltr'><strong>Vol.</strong></span> <span class='ocrx_word' id='word_1_67' title='bbox 279 1059 824 1132; x_wconf 62' lang='grc' dir='ltr'><strong>1111ωεὶ11111111119111111111111)</strong></span> 
     </span>
    </p>

    <p class='ocr_par' dir='ltr' id='par_1_4' title="bbox 148 1130 1166 1417">
     <span class='ocr_line' id='line_1_11' title="bbox 221 1130 1163 1201; baseline -0.002 -16"><span class='ocrx_word' id='word_1_68' title='bbox 221 1133 235 1185; x_wconf 93' lang='lat'>1</span> <span class='ocrx_word' id='word_1_69' title='bbox 256 1130 394 1187; x_wconf 83' lang='lat' dir='ltr'><strong>studium</strong></span> <span class='ocrx_word' id='word_1_70' title='bbox 413 1133 546 1187; x_wconf 79' lang='lat' dir='ltr'><strong>detraxit</strong></span> <span class='ocrx_word' id='word_1_71' title='bbox 563 1132 765 1200; x_wconf 87' lang='lat' dir='ltr'><strong>Burmannus,</strong></span> <span class='ocrx_word' id='word_1_72' title='bbox 784 1133 864 1187; x_wconf 90' lang='lat' dir='ltr'><strong>idem</strong></span> <span class='ocrx_word' id='word_1_73' title='bbox 883 1134 900 1187; x_wconf 90' lang='lat'><strong>3</strong></span> <span class='ocrx_word' id='word_1_74' title='bbox 917 1130 981 1201; x_wconf 81' lang='lat' dir='ltr'><strong>suit</strong></span> <span class='ocrx_word' id='word_1_75' title='bbox 1087 1131 1105 1184; x_wconf 87' lang='lat'><strong>3</strong></span> <span class='ocrx_word' id='word_1_76' title='bbox 1125 1132 1163 1185; x_wconf 82' lang='lat' dir='ltr'><strong>ef.</strong></span> 
     </span>
     <span class='ocr_line' id='line_1_12' title="bbox 149 1203 1163 1273; baseline -0.001 -17"><span class='ocrx_word' id='word_1_77' title='bbox 149 1203 249 1257; x_wconf 90' lang='lat' dir='ltr'><strong>militis</strong></span> <span class='ocrx_word' id='word_1_78' title='bbox 269 1204 391 1258; x_wconf 89' lang='lat' dir='ltr'><strong>laudem</strong></span> <span class='ocrx_word' id='word_1_79' title='bbox 409 1204 497 1271; x_wconf 63' lang='lat' dir='ltr'><strong>leur</strong></span> <span class='ocrx_word' id='word_1_80' title='bbox 595 1204 614 1258; x_wconf 92' lang='grc'>4</span> <span class='ocrx_word' id='word_1_81' title='bbox 632 1219 695 1258; x_wconf 91' lang='lat' dir='ltr'><strong>non</strong></span> <span class='ocrx_word' id='word_1_82' title='bbox 713 1204 880 1273; x_wconf 83' lang='lat' dir='ltr'><strong>hydraulas</strong></span> <span class='ocrx_word' id='word_1_83' title='bbox 898 1209 1016 1258; x_wconf 90' lang='lat' dir='ltr'><strong>tantum</strong></span> <span class='ocrx_word' id='word_1_84' title='bbox 1033 1203 1092 1256; x_wconf 91' lang='lat' dir='ltr'><strong>dici</strong></span> <span class='ocrx_word' id='word_1_85' title='bbox 1111 1217 1163 1272; x_wconf 87' lang='lat' dir='ltr'><strong>pa·</strong></span> 
     </span>
     <span class='ocr_line' id='line_1_13' title="bbox 148 1273 1166 1344; baseline -0.003 -16"><span class='ocrx_word' id='word_1_86' title='bbox 148 1280 192 1328; x_wconf 91' lang='lat' dir='ltr'><strong>tet</strong></span> <span class='ocrx_word' id='word_1_87' title='bbox 218 1274 272 1329; x_wconf 90' lang='lat' dir='ltr'><strong>sed</strong></span> <span class='ocrx_word' id='word_1_88' title='bbox 293 1276 382 1328; x_wconf 89' lang='lat' dir='ltr'><strong>uaria</strong></span> <span class='ocrx_word' id='word_1_89' title='bbox 407 1276 543 1329; x_wconf 88' lang='lat' dir='ltr'><strong>fabricae</strong></span> <span class='ocrx_word' id='word_1_90' title='bbox 566 1277 714 1344; x_wconf 84' lang='lat' dir='ltr'><strong>aquariae</strong></span> <span class='ocrx_word' id='word_1_91' title='bbox 738 1290 839 1344; x_wconf 88' lang='lat' dir='ltr'><strong>opera,</strong></span> <span class='ocrx_word' id='word_1_92' title='bbox 868 1274 1043 1344; x_wconf 81' lang='lat' dir='ltr'><strong>clepsydras</strong></span> <span class='ocrx_word' id='word_1_93' title='bbox 1067 1273 1166 1327; x_wconf 90' lang='lat' dir='ltr'><strong>molas</strong></span> 
     </span>
     <span class='ocr_line' id='line_1_14' title="bbox 150 1344 1163 1417; baseline -0.001 -18"><span class='ocrx_word' id='word_1_94' title='bbox 150 1347 213 1399; x_wconf 90' lang='lat' dir='ltr'><strong>sim.</strong></span> <span class='ocrx_word' id='word_1_95' title='bbox 322 1346 339 1400; x_wconf 79' lang='lat'>5</span> <span class='ocrx_word' id='word_1_96' title='bbox 358 1348 488 1400; x_wconf 75' lang='lat' dir='ltr'><strong>coculam</strong></span> <span class='ocrx_word' id='word_1_97' title='bbox 506 1347 583 1416; x_wconf 92' lang='lat' dir='ltr'><strong>lapis</strong></span> <span class='ocrx_word' id='word_1_98' title='bbox 598 1347 709 1415; x_wconf 88' lang='lat' dir='ltr'><strong>scalpri</strong></span> <span class='ocrx_word' id='word_1_99' title='bbox 723 1348 822 1415; x_wconf 88' lang='lat' dir='ltr'><strong>potius</strong></span> <span class='ocrx_word' id='word_1_100' title='bbox 840 1362 932 1417; x_wconf 87' lang='lat' dir='ltr'><strong>quam</strong></span> <span class='ocrx_word' id='word_1_101' title='bbox 949 1347 1074 1415; x_wconf 80' lang='lat' dir='ltr'><strong>linguae</strong></span> <span class='ocrx_word' id='word_1_102' title='bbox 1085 1344 1163 1398; x_wconf 92' lang='lat' dir='ltr'><strong>uitio</strong></span> 
     </span>
    </p>

    <p class='ocr_par' dir='ltr' id='par_1_5' title="bbox 149 1416 1164 1557">
     <span class='ocr_line' id='line_1_15' title="bbox 203 1416 1164 1488; baseline 0 -19"><span class='ocrx_word' id='word_1_103' title='bbox 203 1416 219 1469; x_wconf 89' lang='grc'><strong>6</strong></span> <span class='ocrx_word' id='word_1_104' title='bbox 236 1431 336 1471; x_wconf 88' lang='lat' dir='ltr'><strong>mores</strong></span> <span class='ocrx_word' id='word_1_105' title='bbox 347 1432 415 1471; x_wconf 86' lang='lat' dir='ltr'><strong>eum</strong></span> <span class='ocrx_word' id='word_1_106' title='bbox 428 1418 550 1471; x_wconf 89' lang='lat' dir='ltr'><strong>nomine</strong></span> <span class='ocrx_word' id='word_1_107' title='bbox 560 1416 690 1486; x_wconf 86' lang='lat' dir='ltr'><strong>Benigni</strong></span> <span class='ocrx_word' id='word_1_108' title='bbox 705 1418 924 1473; x_wconf 83' lang='lat' dir='ltr'><strong>concordantes</strong></span> <span class='ocrx_word' id='word_1_109' title='bbox 939 1416 1164 1488; x_wconf 87' lang='lat' dir='ltr'><strong>praedicantur,</strong></span> 
     </span>
     <span class='ocr_line' id='line_1_16' title="bbox 149 1486 796 1557; baseline 0.002 -16"><span class='ocrx_word' id='word_1_110' title='bbox 149 1486 259 1542; x_wconf 88' lang='lat' dir='ltr'><strong>docilis</strong></span> <span class='ocrx_word' id='word_1_111' title='bbox 279 1486 443 1542; x_wconf 87' lang='lat' dir='ltr'><strong>Gallicanis</strong></span> <span class='ocrx_word' id='word_1_112' title='bbox 463 1492 509 1542; x_wconf 91' lang='lat' dir='ltr'><strong>est</strong></span> <span class='ocrx_word' id='word_1_113' title='bbox 528 1489 580 1557; x_wconf 91' lang='lat' dir='ltr'><strong>qui</strong></span> <span class='ocrx_word' id='word_1_114' title='bbox 599 1488 688 1542; x_wconf 88' lang='lat' dir='ltr'><strong>facile</strong></span> <span class='ocrx_word' id='word_1_115' title='bbox 708 1488 796 1543; x_wconf 88' lang='lat' dir='ltr'><strong>docet</strong></span> 
     </span>
    </p>
   </div>
   <div class='ocr_carea' id='block_1_4' title="bbox 624 1650 691 1714">
    <p class='ocr_par' dir='ltr' id='par_1_6' title="bbox 624 1650 691 1714">
     <span class='ocr_line' id='line_1_17' title="bbox 624 1650 691 1714; baseline 0 -1"><span class='ocrx_word' id='word_1_116' title='bbox 624 1650 691 1714; x_wconf 88' lang='grc'><strong>484</strong></span> 
     </span>
    </p>
   </div>
   <div class='ocr_carea' id='block_1_5' title="bbox 148 1771 1103 1965">
    <p class='ocr_par' dir='ltr' id='par_1_7' title="bbox 148 1771 1103 1965">
     <span class='ocr_line' id='line_1_18' title="bbox 148 1771 1029 1858; baseline 0 -21"><span class='ocrx_word' id='word_1_117' title='bbox 148 1773 234 1837; x_wconf 91' lang='lat' dir='ltr'><strong>Dum</strong></span> <span class='ocrx_word' id='word_1_118' title='bbox 257 1792 325 1838; x_wconf 90' lang='lat' dir='ltr'><strong>sum</strong></span> <span class='ocrx_word' id='word_1_119' title='bbox 349 1771 465 1839; x_wconf 88' lang='lat' dir='ltr'><strong>Vitalis</strong></span> <span class='ocrx_word' id='word_1_120' title='bbox 488 1772 628 1856; x_wconf 82' lang='lat' dir='ltr'><strong>otrico,</strong></span> <span class='ocrx_word' id='word_1_121' title='bbox 652 1793 714 1857; x_wconf 88' lang='lat' dir='ltr'><strong>ego</strong></span> <span class='ocrx_word' id='word_1_122' title='bbox 738 1772 801 1839; x_wconf 89' lang='lat' dir='ltr'><strong>feci</strong></span> <span class='ocrx_word' id='word_1_123' title='bbox 825 1773 1029 1858; x_wconf 90' lang='lat' dir='ltr'><strong>sepulcrhnm</strong></span> 
     </span>
     <span class='ocr_line' id='line_1_19' title="bbox 151 1878 1103 1965; baseline -0.001 -22"><span class='ocrx_word' id='word_1_124' title='bbox 151 1878 256 1961; x_wconf 87' lang='lat' dir='ltr'><strong>adque</strong></span> <span class='ocrx_word' id='word_1_125' title='bbox 279 1898 367 1944; x_wconf 90' lang='lat' dir='ltr'><strong>meos</strong></span> <span class='ocrx_word' id='word_1_126' title='bbox 390 1898 510 1962; x_wconf 87' lang='lat' dir='ltr'><strong>uersus,</strong></span> <span class='ocrx_word' id='word_1_127' title='bbox 536 1878 611 1944; x_wconf 91' lang='lat' dir='ltr'><strong>dum</strong></span> <span class='ocrx_word' id='word_1_128' title='bbox 634 1885 787 1962; x_wconf 78' lang='lat' dir='ltr'><strong>tranasse,</strong></span> <span class='ocrx_word' id='word_1_129' title='bbox 811 1881 942 1964; x_wconf 84' lang='lat' dir='ltr'><strong>perlego</strong></span> <span class='ocrx_word' id='word_1_130' title='bbox 966 1886 999 1944; x_wconf 88' lang='lat' dir='ltr'><strong>ct</strong></span> <span class='ocrx_word' id='word_1_131' title='bbox 1022 1880 1103 1965; x_wconf 92' lang='lat' dir='ltr'><strong>ipse.</strong></span> 
     </span>
    </p>
   </div>
   <div class='ocr_carea' id='block_1_6' title="bbox 126 1984 1076 2498">
    <p class='ocr_par' dir='ltr' id='par_1_8' title="bbox 151 1984 921 2070">
     <span class='ocr_line' id='line_1_20' title="bbox 151 1984 921 2070; baseline 0 -21"><span class='ocrx_word' id='word_1_132' title='bbox 151 1984 293 2069; x_wconf 89' lang='lat' dir='ltr'><strong>diploma</strong></span> <span class='ocrx_word' id='word_1_133' title='bbox 317 1986 436 2052; x_wconf 88' lang='lat' dir='ltr'><strong>circaui</strong></span> <span class='ocrx_word' id='word_1_134' title='bbox 459 1991 560 2051; x_wconf 88' lang='lat' dir='ltr'><strong>totam</strong></span> <span class='ocrx_word' id='word_1_135' title='bbox 583 1987 715 2069; x_wconf 89' lang='lat' dir='ltr'><strong>regione</strong></span> <span class='ocrx_word' id='word_1_136' title='bbox 739 1985 921 2070; x_wconf 88' lang='lat' dir='ltr'><strong>pedestrem</strong></span> 
     </span>
    </p>

    <p class='ocr_par' dir='ltr' id='par_1_9' title="bbox 126 2091 987 2284">
     <span class='ocr_line' id='line_1_21' title="bbox 151 2091 987 2178; baseline 0 -21"><span class='ocrx_word' id='word_1_137' title='bbox 151 2099 183 2157; x_wconf 93' lang='lat' dir='ltr'><strong>et</strong></span> <span class='ocrx_word' id='word_1_138' title='bbox 207 2092 340 2157; x_wconf 89' lang='lat' dir='ltr'><strong>canibus</strong></span> <span class='ocrx_word' id='word_1_139' title='bbox 362 2091 477 2177; x_wconf 88' lang='lat' dir='ltr'><strong>prendi</strong></span> <span class='ocrx_word' id='word_1_140' title='bbox 500 2092 625 2178; x_wconf 91' lang='lat' dir='ltr'><strong>lepores</strong></span> <span class='ocrx_word' id='word_1_141' title='bbox 649 2099 681 2157; x_wconf 92' lang='lat' dir='ltr'><strong>et</strong></span> <span class='ocrx_word' id='word_1_142' title='bbox 704 2091 843 2175; x_wconf 90' lang='lat' dir='ltr'><strong>denique</strong></span> <span class='ocrx_word' id='word_1_143' title='bbox 865 2092 987 2177; x_wconf 91' lang='lat' dir='ltr'><strong>uulpes.</strong></span> 
     </span>
     <span class='ocr_line' id='line_1_22' title="bbox 126 2198 896 2284; baseline -0.008 -15"><span class='ocrx_word' id='word_1_144' title='bbox 126 2205 263 2283; x_wconf 80' lang='lat' dir='ltr'><strong>spostea</strong></span> <span class='ocrx_word' id='word_1_145' title='bbox 285 2200 432 2284; x_wconf 87' lang='lat' dir='ltr'><strong>potiones</strong></span> <span class='ocrx_word' id='word_1_146' title='bbox 456 2200 566 2265; x_wconf 85' lang='lat' dir='ltr'><strong>calicis</strong></span> <span class='ocrx_word' id='word_1_147' title='bbox 588 2198 725 2284; x_wconf 83' lang='lat' dir='ltr'><strong>perduxi</strong></span> <span class='ocrx_word' id='word_1_148' title='bbox 749 2200 896 2281; x_wconf 82' lang='lat' dir='ltr'><strong>libenter,</strong></span> 
     </span>
    </p>

    <p class='ocr_par' dir='ltr' id='par_1_10' title="bbox 150 2305 1076 2498">
     <span class='ocr_line' id='line_1_23' title="bbox 150 2305 940 2389; baseline 0.003 -21"><span class='ocrx_word' id='word_1_149' title='bbox 150 2306 249 2370; x_wconf 88' lang='lat' dir='ltr'><strong>multa</strong></span> <span class='ocrx_word' id='word_1_150' title='bbox 273 2305 447 2371; x_wconf 87' lang='lat' dir='ltr'><strong>iuuentutis</strong></span> <span class='ocrx_word' id='word_1_151' title='bbox 470 2305 543 2389; x_wconf 89' lang='lat' dir='ltr'><strong>feci,</strong></span> <span class='ocrx_word' id='word_1_152' title='bbox 568 2306 644 2389; x_wconf 89' lang='lat' dir='ltr'><strong>quia</strong></span> <span class='ocrx_word' id='word_1_153' title='bbox 667 2325 736 2371; x_wconf 89' lang='lat' dir='ltr'><strong>sum</strong></span> <span class='ocrx_word' id='word_1_154' title='bbox 759 2306 940 2371; x_wconf 82' lang='lat' dir='ltr'><strong>moriturus.</strong></span> 
     </span>
     <span class='ocr_line' id='line_1_24' title="bbox 151 2410 1076 2498; baseline 0 -22"><span class='ocrx_word' id='word_1_155' title='bbox 151 2410 285 2494; x_wconf 88' lang='lat' dir='ltr'><strong>quisque</strong></span> <span class='ocrx_word' id='word_1_156' title='bbox 308 2413 396 2497; x_wconf 89' lang='lat' dir='ltr'><strong>sapis</strong></span> <span class='ocrx_word' id='word_1_157' title='bbox 418 2413 552 2494; x_wconf 86' lang='lat' dir='ltr'><strong>iuuenis,</strong></span> <span class='ocrx_word' id='word_1_158' title='bbox 577 2412 650 2477; x_wconf 90' lang='lat' dir='ltr'><strong>uiuo</strong></span> <span class='ocrx_word' id='word_1_159' title='bbox 675 2412 733 2477; x_wconf 92' lang='lat' dir='ltr'><strong>tibi</strong></span> <span class='ocrx_word' id='word_1_160' title='bbox 757 2432 840 2498; x_wconf 90' lang='lat' dir='ltr'><strong>pone</strong></span> <span class='ocrx_word' id='word_1_161' title='bbox 863 2411 1076 2497; x_wconf 89' lang='lat' dir='ltr'><strong>sepulcrhum.</strong></span> 
     </span>
    </p>
   </div>
   <div class='ocr_carea' id='block_1_7' title="bbox 150 2570 1167 3634">
    <p class='ocr_par' dir='ltr' id='par_1_11' title="bbox 151 2570 1167 2996">
     <span class='ocr_line' id='line_1_25' title="bbox 221 2570 1167 2641; baseline 0.001 -17"><span class='ocrx_word' id='word_1_162' title='bbox 221 2570 331 2625; x_wconf 86' lang='lat' dir='ltr'><strong>Nissen</strong></span> <span class='ocrx_word' id='word_1_163' title='bbox 348 2571 513 2625; x_wconf 88' lang='lat' dir='ltr'><strong>HermaeI</strong></span> <span class='ocrx_word' id='word_1_164' title='bbox 536 2588 564 2641; x_wconf 93' lang='lat' dir='ltr'><strong>p.</strong></span> <span class='ocrx_word' id='word_1_165' title='bbox 580 2571 633 2625; x_wconf 81' lang='lat'><strong>342</strong></span> <span class='ocrx_word' id='word_1_166' title='bbox 654 2573 705 2639; x_wconf 89' lang='lat' dir='ltr'><strong>qui</strong></span> <span class='ocrx_word' id='word_1_167' title='bbox 726 2571 884 2640; x_wconf 82' lang='lat' dir='ltr'><strong>descripsit</strong></span> <span class='ocrx_word' id='word_1_168' title='bbox 902 2576 932 2625; x_wconf 91' lang='lat' dir='ltr'><strong>et</strong></span> <span class='ocrx_word' id='word_1_169' title='bbox 956 2573 1082 2625; x_wconf 86' lang='lat' dir='ltr'><strong>exeunti</strong></span> <span class='ocrx_word' id='word_1_170' title='bbox 1101 2586 1167 2625; x_wconf 91' lang='lat' dir='ltr'><strong>sae·</strong></span> 
     </span>
     <span class='ocr_line' id='line_1_26' title="bbox 152 2641 1166 2711; baseline 0.002 -18"><span class='ocrx_word' id='word_1_171' title='bbox 152 2641 219 2694; x_wconf 92' lang='lat' dir='ltr'><strong>culo</strong></span> <span class='ocrx_word' id='word_1_172' title='bbox 239 2641 268 2694; x_wconf 92' lang='lat' dir='ltr'><strong>II</strong></span> <span class='ocrx_word' id='word_1_173' title='bbox 288 2647 341 2696; x_wconf 91' lang='lat' dir='ltr'><strong>aut</strong></span> <span class='ocrx_word' id='word_1_174' title='bbox 360 2643 521 2711; x_wconf 91' lang='lat' dir='ltr'><strong>posteriori</strong></span> <span class='ocrx_word' id='word_1_175' title='bbox 540 2644 633 2697; x_wconf 86' lang='lat' dir='ltr'><strong>aetati</strong></span> <span class='ocrx_word' id='word_1_176' title='bbox 653 2642 807 2709; x_wconf 91' lang='lat' dir='ltr'><strong>adtribuit,</strong></span> <span class='ocrx_word' id='word_1_177' title='bbox 828 2641 1072 2709; x_wconf 61' lang='grc'><strong>1111111111,</strong></span> <span class='ocrx_word' id='word_1_178' title='bbox 1094 2641 1166 2695; x_wconf 86' lang='lat' dir='ltr'><strong>add.</strong></span> 
     </span>
     <span class='ocr_line' id='line_1_27' title="bbox 151 2711 1165 2783; baseline 0.002 -19"><span class='ocrx_word' id='word_1_179' title='bbox 151 2728 180 2780; x_wconf 92' lang='lat' dir='ltr'><strong>p.</strong></span> <span class='ocrx_word' id='word_1_180' title='bbox 193 2711 247 2764; x_wconf 75' lang='lat'><strong>929</strong></span> <span class='ocrx_word' id='word_1_181' title='bbox 266 2713 392 2767; x_wconf 91' lang='lat' dir='ltr'><strong>contulit</strong></span> <span class='ocrx_word' id='word_1_182' title='bbox 410 2714 578 2767; x_wconf 87' lang='lat' dir='ltr'><strong>Wilmanns</strong></span> <span class='ocrx_word' id='word_1_183' title='bbox 711 2711 896 2782; x_wconf 81' lang='lat' dir='ltr'><strong>Carthagine</strong></span> <span class='ocrx_word' id='word_1_184' title='bbox 915 2718 1069 2783; x_wconf 89' lang='lat' dir='ltr'><strong>repertum</strong></span> <span class='ocrx_word' id='word_1_185' title='bbox 1088 2729 1165 2767; x_wconf 90' lang='lat' dir='ltr'><strong>mar·</strong></span> 
     </span>
     <span class='ocr_line' id='line_1_28' title="bbox 151 2784 1164 2854; baseline 0.001 -17"><span class='ocrx_word' id='word_1_186' title='bbox 151 2798 289 2837; x_wconf 90' lang='lat' dir='ltr'><strong>moreum</strong></span> <span class='ocrx_word' id='word_1_187' title='bbox 307 2790 545 2838; x_wconf 89' lang='lat' dir='ltr'><strong>monumentum.</strong></span> <span class='ocrx_word' id='word_1_188' title='bbox 572 2786 605 2838; x_wconf 90' lang='lat' dir='ltr'><strong>in</strong></span> <span class='ocrx_word' id='word_1_189' title='bbox 617 2784 716 2838; x_wconf 91' lang='lat' dir='ltr'><strong>medio</strong></span> <span class='ocrx_word' id='word_1_190' title='bbox 737 2786 957 2854; x_wconf 87' lang='lat' dir='ltr'><strong>praescriptum</strong></span> <span class='ocrx_word' id='word_1_191' title='bbox 971 2789 1017 2839; x_wconf 90' lang='lat' dir='ltr'><strong>est</strong></span> <span class='ocrx_word' id='word_1_192' title='bbox 1036 2785 1064 2838; x_wconf 89' lang='lat' dir='ltr'><strong>d.</strong></span> <span class='ocrx_word' id='word_1_193' title='bbox 1075 2784 1117 2837; x_wconf 90' lang='lat' dir='ltr'><strong>M.</strong></span> <span class='ocrx_word' id='word_1_194' title='bbox 1131 2799 1164 2851; x_wconf 79' lang='lat' dir='ltr'><strong>s,</strong></span> 
     </span>
     <span class='ocr_line' id='line_1_29' title="bbox 152 2853 1167 2924; baseline 0.003 -18"><span class='ocrx_word' id='word_1_195' title='bbox 152 2853 261 2908; x_wconf 88' lang='lat' dir='ltr'><strong>dextra</strong></span> <span class='ocrx_word' id='word_1_196' title='bbox 287 2853 394 2910; x_wconf 75' lang='lat' dir='ltr'><strong>Vitatis</strong></span> <span class='ocrx_word' id='word_1_197' title='bbox 413 2855 489 2924; x_wconf 73' lang='lat' dir='ltr'><strong>sup.</strong></span> <span class='ocrx_word' id='word_1_198' title='bbox 508 2854 629 2923; x_wconf 72' lang='lat' dir='ltr'><strong>plastri)</strong></span> <span class='ocrx_word' id='word_1_199' title='bbox 650 2853 836 2921; x_wconf 81' lang='lat' dir='ltr'><strong>tabellarius,</strong></span> <span class='ocrx_word' id='word_1_200' title='bbox 857 2854 942 2910; x_wconf 82' lang='lat' dir='ltr'><strong>uiuet</strong></span> <span class='ocrx_word' id='word_1_201' title='bbox 961 2857 989 2910; x_wconf 84' lang='lat' dir='ltr'><strong>et</strong></span> <span class='ocrx_word' id='word_1_202' title='bbox 1010 2853 1167 2923; x_wconf 81' lang='lat' dir='ltr'><strong>candidat,</strong></span> 
     </span>
     <span class='ocr_line' id='line_1_30' title="bbox 152 2924 857 2996; baseline 0 -17"><span class='ocrx_word' id='word_1_203' title='bbox 152 2926 274 2979; x_wconf 88' lang='lat' dir='ltr'><strong>sinistra</strong></span> <span class='ocrx_word' id='word_1_204' title='bbox 293 2927 320 2979; x_wconf 86' lang='lat' dir='ltr'><strong>et</strong></span> <span class='ocrx_word' id='word_1_205' title='bbox 338 2924 501 2996; x_wconf 80' lang='lat' dir='ltr'><strong>Antipoma,</strong></span> <span class='ocrx_word' id='word_1_206' title='bbox 520 2924 605 2980; x_wconf 83' lang='lat' dir='ltr'><strong>uiuet</strong></span> <span class='ocrx_word' id='word_1_207' title='bbox 625 2927 653 2980; x_wconf 85' lang='lat' dir='ltr'><strong>et</strong></span> <span class='ocrx_word' id='word_1_208' title='bbox 671 2925 857 2981; x_wconf 67' lang='lat' dir='ltr'><strong>conuiuatum</strong></span> 
     </span>
    </p>

    <p class='ocr_par' dir='ltr' id='par_1_12' title="bbox 150 2994 1167 3634">
     <span class='ocr_line' id='line_1_31' title="bbox 223 2994 1166 3066; baseline 0.002 -18"><span class='ocrx_word' id='word_1_209' title='bbox 223 2997 237 3048; x_wconf 94' lang='lat'>1</span> <span class='ocrx_word' id='word_1_210' title='bbox 258 2996 374 3051; x_wconf 91' lang='lat' dir='ltr'><strong>ludicre</strong></span> <span class='ocrx_word' id='word_1_211' title='bbox 393 2998 557 3051; x_wconf 87' lang='lat' dir='ltr'><strong>miscentur</strong></span> <span class='ocrx_word' id='word_1_212' title='bbox 576 2994 683 3052; x_wconf 84' lang='lat' dir='ltr'><strong>uitalis</strong></span> <span class='ocrx_word' id='word_1_213' title='bbox 702 3003 732 3051; x_wconf 91' lang='lat' dir='ltr'><strong>et</strong></span> <span class='ocrx_word' id='word_1_214' title='bbox 754 2995 862 3052; x_wconf 84' lang='lat' dir='ltr'><strong>Vitalis</strong></span> <span class='ocrx_word' id='word_1_215' title='bbox 989 2997 1007 3051; x_wconf 87' lang='lat'><strong>3</strong></span> <span class='ocrx_word' id='word_1_216' title='bbox 1026 2995 1166 3066; x_wconf 81' lang='lat' dir='ltr'><strong>diploma</strong></span> 
     </span>
     <span class='ocr_line' id='line_1_32' title="bbox 151 3065 1165 3138; baseline 0.002 -18"><span class='ocrx_word' id='word_1_217' title='bbox 151 3065 304 3135; x_wconf 70' lang='lat' dir='ltr'><strong>diplomate</strong></span> <span class='ocrx_word' id='word_1_218' title='bbox 325 3068 470 3123; x_wconf 89' lang='lat' dir='ltr'><strong>declinari</strong></span> <span class='ocrx_word' id='word_1_219' title='bbox 488 3068 583 3138; x_wconf 87' lang='lat' dir='ltr'><strong>uolgo</strong></span> <span class='ocrx_word' id='word_1_220' title='bbox 596 3072 702 3122; x_wconf 88' lang='lat' dir='ltr'><strong>notum</strong></span> <span class='ocrx_word' id='word_1_221' title='bbox 721 3075 767 3122; x_wconf 90' lang='lat' dir='ltr'><strong>est</strong></span> <span class='ocrx_word' id='word_1_222' title='bbox 779 3069 861 3122; x_wconf 90' lang='lat' dir='ltr'><strong>unde</strong></span> <span class='ocrx_word' id='word_1_223' title='bbox 875 3067 1095 3137; x_wconf 64' lang='lat' dir='ltr'><strong>diplomat-ium</strong></span> <span class='ocrx_word' id='word_1_224' title='bbox 1108 3083 1165 3137; x_wconf 92' lang='lat' dir='ltr'><strong>pro</strong></span> 
     </span>
     <span class='ocr_line' id='line_1_33' title="bbox 152 3136 1165 3207; baseline 0.002 -17"><span class='ocrx_word' id='word_1_225' title='bbox 152 3137 371 3207; x_wconf 90' lang='lat' dir='ltr'><strong>diplomatario.</strong></span> <span class='ocrx_word' id='word_1_226' title='bbox 400 3137 538 3206; x_wconf 82' lang='lat' dir='ltr'><strong>diploma</strong></span> <span class='ocrx_word' id='word_1_227' title='bbox 556 3137 680 3207; x_wconf 78' lang='lat' dir='ltr'><strong>circam,</strong></span> <span class='ocrx_word' id='word_1_228' title='bbox 700 3140 766 3193; x_wconf 91' lang='lat' dir='ltr'><strong>siue</strong></span> <span class='ocrx_word' id='word_1_229' title='bbox 785 3139 939 3193; x_wconf 89' lang='lat' dir='ltr'><strong>ablatiuus</strong></span> <span class='ocrx_word' id='word_1_230' title='bbox 958 3136 1103 3207; x_wconf 81' lang='lat' dir='ltr'><strong>(nauibus</strong></span> <span class='ocrx_word' id='word_1_231' title='bbox 1123 3154 1165 3192; x_wconf 77' lang='grc'><strong>111</strong></span> 
     </span>
     <span class='ocr_line' id='line_1_34' title="bbox 152 3207 1164 3280; baseline 0.001 -19"><span class='ocrx_word' id='word_1_232' title='bbox 152 3207 238 3276; x_wconf 82' lang='lat' dir='ltr'><strong>equis</strong></span> <span class='ocrx_word' id='word_1_233' title='bbox 257 3225 299 3262; x_wconf 84' lang='grc'><strong>111</strong></span> <span class='ocrx_word' id='word_1_234' title='bbox 318 3208 537 3279; x_wconf 77' lang='lat' dir='ltr'><strong>diplomatibus</strong></span> <span class='ocrx_word' id='word_1_235' title='bbox 556 3209 669 3265; x_wconf 87' lang='lat' dir='ltr'><strong>Fronto</strong></span> <span class='ocrx_word' id='word_1_236' title='bbox 693 3228 721 3280; x_wconf 93' lang='lat' dir='ltr'><strong>p.</strong></span> <span class='ocrx_word' id='word_1_237' title='bbox 741 3210 787 3273; x_wconf 79' lang='lat'><strong>15)</strong></span> <span class='ocrx_word' id='word_1_238' title='bbox 810 3211 876 3264; x_wconf 91' lang='lat' dir='ltr'><strong>siue</strong></span> <span class='ocrx_word' id='word_1_239' title='bbox 895 3211 972 3264; x_wconf 91' lang='lat' dir='ltr'><strong>alius</strong></span> <span class='ocrx_word' id='word_1_240' title='bbox 990 3211 1105 3264; x_wconf 90' lang='lat' dir='ltr'><strong>nomini</strong></span> <span class='ocrx_word' id='word_1_241' title='bbox 1124 3209 1164 3263; x_wconf 92' lang='lat' dir='ltr'><strong>ab</strong></span> 
     </span>
     <span class='ocr_line' id='line_1_35' title="bbox 152 3278 1167 3350; baseline 0.002 -19"><span class='ocrx_word' id='word_1_242' title='bbox 152 3279 271 3348; x_wconf 79' lang='lat' dir='ltr'><strong>origine</strong></span> <span class='ocrx_word' id='word_1_243' title='bbox 285 3295 373 3334; x_wconf 90' lang='lat' dir='ltr'><strong>casus</strong></span> <span class='ocrx_word' id='word_1_244' title='bbox 389 3282 454 3348; x_wconf 82' lang='lat' dir='ltr'><strong>fuit,</strong></span> <span class='ocrx_word' id='word_1_245' title='bbox 472 3282 503 3333; x_wconf 92' lang='lat' dir='ltr'><strong>in</strong></span> <span class='ocrx_word' id='word_1_246' title='bbox 520 3296 612 3335; x_wconf 92' lang='lat' dir='ltr'><strong>unam</strong></span> <span class='ocrx_word' id='word_1_247' title='bbox 627 3282 783 3335; x_wconf 91' lang='lat' dir='ltr'><strong>notionem</strong></span> <span class='ocrx_word' id='word_1_248' title='bbox 796 3283 883 3350; x_wconf 92' lang='lat' dir='ltr'><strong>quasi</strong></span> <span class='ocrx_word' id='word_1_249' title='bbox 899 3281 1081 3350; x_wconf 80' lang='lat' dir='ltr'><strong>congelauit.</strong></span> <span class='ocrx_word' id='word_1_250' title='bbox 1108 3278 1167 3334; x_wconf 79' lang='lat' dir='ltr'><strong>cir-</strong></span> 
     </span>
     <span class='ocr_line' id='line_1_36' title="bbox 152 3349 1164 3422; baseline 0.003 -20"><span class='ocrx_word' id='word_1_251' title='bbox 152 3352 341 3405; x_wconf 73' lang='grc' dir='ltr'><strong>111κυκλεύει</strong></span> <span class='ocrx_word' id='word_1_252' title='bbox 354 3349 494 3407; x_wconf 74' lang='lat' dir='ltr'><strong>circuibit</strong></span> <span class='ocrx_word' id='word_1_253' title='bbox 507 3352 628 3422; x_wconf 82' lang='lat' dir='ltr'><strong>glossae</strong></span> <span class='ocrx_word' id='word_1_254' title='bbox 642 3351 842 3418; x_wconf 87' lang='lat' dir='ltr'><strong>(Hildebrand</strong></span> <span class='ocrx_word' id='word_1_255' title='bbox 854 3352 946 3422; x_wconf 85' lang='lat' dir='ltr'><strong>gloss.</strong></span> <span class='ocrx_word' id='word_1_256' title='bbox 961 3351 1056 3406; x_wconf 90' lang='lat' dir='ltr'><strong>Paris.</strong></span> <span class='ocrx_word' id='word_1_257' title='bbox 1070 3368 1098 3422; x_wconf 88' lang='lat' dir='ltr'><strong>p.</strong></span> <span class='ocrx_word' id='word_1_258' title='bbox 1109 3350 1164 3418; x_wconf 78' lang='lat'><strong>53),</strong></span> 
     </span>
     <span class='ocr_line' id='line_1_37' title="bbox 151 3419 1167 3491; baseline 0.005 -19"><span class='ocrx_word' id='word_1_259' title='bbox 151 3419 223 3474; x_wconf 91' lang='lat' dir='ltr'><strong>inde</strong></span> <span class='ocrx_word' id='word_1_260' title='bbox 242 3422 382 3477; x_wconf 82' lang='lat' dir='ltr'><strong>obercdcr</strong></span> <span class='ocrx_word' id='word_1_261' title='bbox 400 3424 463 3477; x_wconf 88' lang='lat' dir='ltr'><strong>sim.</strong></span> <span class='ocrx_word' id='word_1_262' title='bbox 483 3423 697 3489; x_wconf 71' lang='lat' dir='ltr'><strong>Idomenenses,</strong></span> <span class='ocrx_word' id='word_1_263' title='bbox 717 3425 760 3477; x_wconf 91' lang='lat' dir='ltr'><strong>sic</strong></span> <span class='ocrx_word' id='word_1_264' title='bbox 780 3423 866 3477; x_wconf 87' lang='lat' dir='ltr'><strong>decet</strong></span> <span class='ocrx_word' id='word_1_265' title='bbox 885 3422 1085 3477; x_wconf 87' lang='lat' dir='ltr'><strong>tabellarium.</strong></span> <span class='ocrx_word' id='word_1_266' title='bbox 1114 3437 1167 3491; x_wconf 86' lang='lat' dir='ltr'><strong>pe·</strong></span> 
     </span>
     <span class='ocr_line' id='line_1_38' title="bbox 151 3490 1166 3563; baseline 0.003 -19"><span class='ocrx_word' id='word_1_267' title='bbox 151 3490 265 3546; x_wconf 83' lang='lat' dir='ltr'><strong>destris</strong></span> <span class='ocrx_word' id='word_1_268' title='bbox 284 3494 370 3562; x_wconf 91' lang='lat' dir='ltr'><strong>regio</strong></span> <span class='ocrx_word' id='word_1_269' title='bbox 389 3493 513 3548; x_wconf 90' lang='lat' dir='ltr'><strong>uidetur</strong></span> <span class='ocrx_word' id='word_1_270' title='bbox 533 3509 639 3549; x_wconf 89' lang='lat' dir='ltr'><strong>cursus</strong></span> <span class='ocrx_word' id='word_1_271' title='bbox 662 3494 847 3548; x_wconf 89' lang='lat' dir='ltr'><strong>uehicularis</strong></span> <span class='ocrx_word' id='word_1_272' title='bbox 871 3494 1053 3547; x_wconf 88' lang='lat' dir='ltr'><strong>stationibus</strong></span> <span class='ocrx_word' id='word_1_273' title='bbox 1074 3509 1166 3563; x_wconf 93' lang='lat' dir='ltr'><strong>oppo-</strong></span> 
     </span>
     <span class='ocr_line' id='line_1_39' title="bbox 150 3561 1166 3634; baseline 0.002 -18"><span class='ocrx_word' id='word_1_274' title='bbox 150 3564 210 3616; x_wconf 87' lang='lat' dir='ltr'><strong>sita</strong></span> <span class='ocrx_word' id='word_1_275' title='bbox 308 3563 327 3617; x_wconf 88' lang='lat'>4</span> <span class='ocrx_word' id='word_1_276' title='bbox 345 3561 557 3632; x_wconf 82' lang='lat' dir='ltr'><strong>uulpisWilm.</strong></span> <span class='ocrx_word' id='word_1_277' title='bbox 658 3565 675 3620; x_wconf 85' lang='lat'>5</span> <span class='ocrx_word' id='word_1_278' title='bbox 684 3565 806 3634; x_wconf 81' lang='lat' dir='ltr'><strong>poculo,</strong></span> <span class='ocrx_word' id='word_1_279' title='bbox 815 3563 957 3633; x_wconf 83' lang='lat' dir='ltr'><strong>potiones</strong></span> <span class='ocrx_word' id='word_1_280' title='bbox 970 3564 1080 3620; x_wconf 79' lang='lat' dir='ltr'><strong>ducere</strong></span> <span class='ocrx_word' id='word_1_281' title='bbox 1092 3563 1166 3618; x_wconf 87' lang='lat' dir='ltr'><strong>inde</strong></span> 
     </span>
    </p>
   </div>
   <div class='ocr_carea' id='block_1_8' title="bbox 0 0 1330 3882">
    <p class='ocr_par' dir='ltr' id='par_1_13' title="bbox 0 0 1330 3882">
     <span class='ocr_line' id='line_1_40' title="bbox 0 0 1330 3882; baseline 0 0"><span class='ocrx_word' id='word_1_282' title='bbox 0 0 1330 3882; x_wconf 95' lang='lat' dir='ltr'><strong> </strong></span> 
     </span>
    </p>
   </div>
  </div>
 </body>
</html>
