2648 3886
536 138 738 178 mmmmm
1102 124 1155 181 805
1252 128 1261 145 ‘

211 283 229 337 2
247 288 347 354 potest
366 299 485 355 quoque
504 284 607 350 fuisse,
625 284 658 337 in
677 290 813 339 extremo
832 284 913 353 pede
930 282 1002 339 mite
1021 290 1075 338 aut
1093 281 1156 339 uite

175 356 193 410 3
211 371 261 409 mr
279 370 415 410 conexae
434 361 463 410 et
480 372 498 408 r
515 356 643 410 inferius
661 356 794 409 adaucta
816 357 848 409 in
870 360 1087 410 transuersum.
1116 371 1156 409 an

138 425 459 497 floriana-nepueu?
543 426 710 481 4fortasse
729 427 857 480 lucrum.
886 441 955 479 cum
973 441 1003 480 u.
1023 427 1040 481 6
1059 431 1156 481 extre-

139 513 223 551 mum
249 499 380 553 uerbum
402 513 466 552 non
489 499 526 553 sit
548 499 711 567 integrum,
740 502 862 551 seruato
886 502 982 551 metro
1011 495 1157 567 cupidine

140 566 235 637 Μία
253 570 396 633 restituas
414 569 517 623 licebit
628 567 645 621 5
664 569 804 623 contenta
822 566 1026 623 Mommsenus
1046 568 1098 638 qui
1118 583 1157 623 ex

140 640 245 709 primis
261 636 325 708 fuit
344 639 524 720 adsumpsit:
544 655 681 708 conperta
701 640 895 708 descriptum.
924 640 1009 693 casta
1023 641 1051 693 et
1066 638 1157 708 fraqi

138 708 204 779 fuit
223 712 299 765 coni.
318 709 390 778 Leo,
410 708 519 765 enituit
537 711 639 765 Hense
747 711 764 764 6
783 725 883 764 nonen
902 710 1042 765 traditur.
1074 725 1157 764 aero·

142 782 260 836 stichon
276 782 405 836 indicari
421 781 623 837 Mommsenus
642 782 728 849 uidit,
757 781 797 834 At
815 778 871 835 tibi
896 797 925 834 n.
945 779 1003 835 erit
1027 797 1046 834 a
1069 796 1093 834 a
1112 779 1157 835 iu·

141 850 218 908 tuito
237 851 369 908 uersus?

619 925 685 989 644

142 1048 295 1115 Condidit
318 1049 372 1115 hie
393 1055 504 1115 natum
527 1050 639 1115 infelix
663 1048 822 1114 Boeoutia
844 1054 948 1113 mater

141 1156 253 1221 funeta
344 1206 351 1222 .
507 1205 514 1221 .
607 1154 703 1239 [u]um
726 1175 844 1241 magus
868 1154 987 1238 dolore,

141 1262 268 1328 numine
291 1268 324 1328 et
347 1262 447 1348 ipsius
470 1261 550 1328 situs
574 1268 624 1327 est
647 1262 821 1328 Boeoutius
845 1261 963 1345 i[nfaus

143 1370 197 1451 qui
220 1370 293 1434 tulit
315 1368 365 1435 bis
387 1369 480 1434 binos
505 1368 620 1452 [meses
643 1368 685 1452 et]
711 1366 874 1451 quattu0[r
897 1387 998 1433 annos

119 1476 197 1559 squi
220 1476 329 1542 effecit
420 1524 428 1540 .
537 1525 545 1541 .
655 1524 663 1540 .
774 1524 781 1540 .

214 1616 286 1673 CIL.
305 1616 439 1672 1112616
459 1633 498 1673 ex
517 1618 635 1687 sylloge
654 1633 707 1671 ms.
726 1615 841 1670 Bartoli
959 1629 1056 1685 prope
1075 1612 1159 1671 Salo·

142 1704 207 1743 nas.
245 1690 366 1743 sinistra
385 1704 455 1743 eum
473 1690 543 1743 uuis
562 1689 641 1753 uitis,
672 1688 781 1742 dextra
804 1687 915 1756 genius
935 1702 1004 1740 cum
1028 1687 1098 1740 iace
1116 1686 1159 1739 in·

143 1774 235 1815 uersa
253 1761 432 1814 uisebantur

215 1830 230 1883 1
249 1829 467 1885 Vocontiorum
487 1830 618 1884 nominis
636 1829 734 1899 prima
754 1829 917 1897 corripitur
1043 1828 1159 1881 2inter

141 1902 251 1982 functa
277 1907 307 1956 et
331 1917 443 1982 mappa
467 1901 543 1955 haec
565 1899 729 1954 traduntur
748 1914 800 1968 eep
809 1898 912 1968 (super
931 1899 1013 1967 pieta
1033 1901 1062 1969 q)
1070 1913 1132 1952 uon
1152 1895 1156 1967 Ι

143 1971 238 2027 usmis
256 1987 329 2028 suaa
348 1987 473 2027 socrum.
500 1973 525 2025 si
543 1977 627 2025 reete
638 1970 749 2039 functa
762 1971 907 2039 seriptum
920 1973 973 2035 est,
992 1970 1158 2037 requiritur

142 2044 212 2099 talis
231 2045 390 2111 sententia,
409 2044 468 2097 hoe
487 2042 586 2097 officio
606 2042 806 2110 exequiarum
818 2044 946 2094 matrem
960 2044 1158 2109 praepostere

142 2116 279 2169 functam
299 2130 373 2170 esse.
403 2113 457 2169 sed
476 2114 606 2168 fortasse
621 2113 764 2182 functum
776 2112 843 2178 fuit,
863 2125 941 2165 aeuo
955 2107 1049 2164 nimis
1062 2124 1159 2179 augu-

144 2185 211 2241 sto?
319 2185 422 2240 dolore
441 2201 497 2255 pro
516 2185 618 2239 aolore
637 2184 744 2253 scripsi
846 2183 863 2236 3
881 2180 973 2250 ipseo
992 2180 1124 2235 traditur

178 2257 197 2311 4
215 2255 303 2312 binos
321 2257 427 2327 ussfaq
449 2258 453 2324 Ι
474 2254 726 2327 quuetueoueiues
744 2253 872 2308 Bartoli:
896 2266 991 2307 meses
1016 2256 1078 2305 tam
1098 2265 1160 2305 eer-

142 2333 207 2383 tum
220 2334 294 2397 puto
309 2344 402 2398 quam
417 2329 562 2398 quattuor
638 2326 655 2381 5
674 2321 1138 2396 quieffecithulastisbatisuaedo
1154 2319 1157 2390 l

142 2400 474 2469 mucellauorpocrteut
485 2399 624 2464 traditur,
636 2398 720 2452 unde
730 2396 911 2451 seutentiam
922 2394 1047 2463 colligas
1057 2393 1160 2446 huius·

141 2469 237 2524 modi:
257 2471 357 2525 effecit
376 2474 473 2524 morte
493 2485 550 2524 sua
568 2466 689 2533 (subitis
705 2464 815 2537 satiei)
834 2470 869 2519 ut
887 2480 926 2520 ne
940 2464 1047 2518 domus
1067 2463 1160 2517 ullam

142 2541 322 2610 progeniem
341 2540 455 2595 habere
474 2545 577 2610 posset

619 2629 686 2694 645

263 2785 270 2801 .
381 2754 453 2800 .en
477 2736 544 2801 auri
578 2784 586 2800 .
634 2785 642 2800 .
690 2733 723 2821 ,Ι

263 2891 270 2906 .
380 2842 439 2906 .si
463 2841 546 2906 seire
569 2839 654 2923 quad
668 2839 725 2927 ..Ι

262 2998 269 3014 .
379 2996 387 3012 .
412 2966 527 3033 eorpus
550 2953 582 3012 et
605 2945 700 3031 ipsud
721 2944 726 3032 Ι

144 3106 151 3122 .
262 3105 270 3121 .
362 3055 432 3141 pe]r
454 3072 543 3119 mare
566 3053 703 3119 Romam

124 3185 170 3250 ⁵1>
195 3160 229 3250 ·l
271 3211 278 3228 ·
390 3210 397 3227 ·
507 3207 515 3227 ·
626 3207 633 3224 ·
669 3180 686 3240 r

149 3271 260 3338 albeus
283 3265 443 3355 insontis}
509 3315 517 3333 .
627 3312 635 3333 .

286 3425 294 3443 .
362 3375 482 3463 pllures
504 3375 538 3439 in
561 3373 698 3438 Tartaro
720 3368 724 3459 l
744 3370 842 3436 misit.

214 3535 355 3592 Boissieu
373 3535 462 3590 inser.
481 3533 625 3604 Lugduu.
640 3548 668 3602 p.
682 3530 736 3586 475
853 3531 857 3538 '
908 3527 1073 3596 fragmenti
1093 3526 1162 3580 siui-

196 3624 301 3669 Anthor.
315 3623 360 3670 lat.
373 3623 399 3667 11
964 3616 1000 3671 ρο
