2650 3882
170 130 224 184 160
459 205 461 211 y
606 144 745 184 nicrum

244 289 315 344 CIL.
335 288 350 342 Ι
368 306 396 359 p.
411 289 462 344 267
473 305 511 344 ss.
531 305 558 342 n.
579 289 756 345 1438-1454
904 290 1039 346 incertae
1059 290 1188 359 originis

172 373 269 417 sortes
288 361 406 415 ahenae
425 360 553 431 singulis
567 362 751 416 carminibus
764 363 936 431 inscriptae.
968 362 1187 416 Praenestinae

172 433 242 487 olim
252 431 432 487 Antiatesue
444 431 625 488 dicebantur
637 434 704 487 inre
716 433 809 502 nullo,
819 432 995 487 Mommseni
1009 434 1189 487 coniectura

170 503 322 557 Patauino
342 504 467 558 oraculo
487 504 692 558 uindicantur.
722 520 785 558 non
804 509 911 558 extant
929 503 1019 558 hodie
1037 504 1095 557 nisi
1114 504 1187 572 tres,

170 575 308 643 reliquae
328 590 367 630 ex
385 574 524 629 Vaticani
543 574 658 629 codicis
678 575 797 644 sylloge
816 580 975 644 promptae
998 579 1076 629 sunt.
1109 580 1186 628 trac·

170 650 278 700 tauers
308 660 360 699 eas
389 645 619 714 diuinandoque
646 661 755 700 uersus
784 650 814 700 et
846 647 943 699 uerba
973 646 1187 714 redintegrare

171 717 317 772 studuere
341 716 512 786 complures
538 717 674 771 homines
698 732 828 785 quorum
852 719 1050 786 temptamina
1069 719 1187 772 referre

172 790 273 843 omnia
291 789 384 854 nolui,
404 789 572 856 praecipua
585 792 687 842 autem
707 788 865 856 diligentia
875 788 1018 844 Ritscheli
1037 803 1188 842 commen-

170 860 297 914 tariolus
317 860 428 914 eminet
448 873 550 927 opusc.
569 858 610 912 IV
625 858 678 913 395
688 874 725 913 ss.
863 860 1103 927 antiquissimam
1123 875 1188 913 car·

171 932 286 986 minum
306 931 455 999 originem
474 928 608 998 produnt
621 931 708 984 metri
726 929 849 984 licentia
862 930 1109 999 syllabarumque
1123 945 1189 984 cor·

170 1003 277 1071 reptio,
304 1002 415 1070 quibus
439 1000 531 1055 rebus
555 1001 586 1054 hi
605 1001 773 1055 hexametri
792 1000 949 1055 Plautinos
969 1002 1034 1054 iere
1055 1015 1187 1070 anapae-

171 1078 234 1127 stos
244 1073 446 1139 aemulantur,
462 1071 572 1126 deinde
583 1072 713 1127 elocutio
725 1072 822 1134 (uelut
834 1072 911 1126 9uel
926 1071 961 1124 10
969 1073 1107 1124 'concinit
1117 1087 1186 1125 cum

170 1143 275 1198 Marcii
294 1144 446 1197 uaticiniis
466 1159 484 1196 a
500 1142 590 1197 Liuio
610 1144 713 1198 relatis
727 1143 811 1197 XXV
824 1144 858 1197 12
877 1144 931 1197 boc
950 1140 978 1196 si
996 1144 1073 1196 recte
1091 1140 1188 1212 facie-

170 1214 219 1283 tis,
247 1211 421 1285 gaudebitis
445 1213 584 1282 semper),
614 1214 745 1284 denique
768 1217 835 1283 ipsa
859 1213 979 1268 menda.
1018 1229 1089 1267 nam
1116 1228 1185 1268 cum

170 1294 277 1341 uetera
301 1285 487 1353 exemplaria
512 1285 648 1339 homines
671 1286 785 1339 indocti
810 1291 915 1355 postea
939 1287 1130 1338 imitarentur
1149 1300 1187 1338 ac

172 1357 386 1423 describerent,
410 1372 473 1410 non
497 1356 685 1425 negligentia
705 1357 801 1410 solum
820 1356 931 1409 multos
950 1356 1004 1410 sed
1023 1355 1188 1410 nonnullos

172 1431 263 1484 etiam
283 1427 365 1496 quod
384 1428 497 1496 scripta
516 1442 657 1495 prorsum
682 1443 744 1480 non
768 1427 982 1496 intellegerent
1001 1427 1186 1481 commisisse

73 1501 76 1505 ’
171 1514 290 1553 errores
309 1499 461 1551 uidentur.
490 1499 605 1551 iactum
625 1498 683 1551 hoc
702 1513 768 1552 esse
788 1499 907 1551 circiter
926 1496 1081 1552 Ciceronis
1105 1502 1187 1551 aeta·

128 1569 131 1575 ⁴
170 1580 231 1627 tem
251 1569 454 1623 Mommsenus
479 1570 592 1635 statuit,
621 1570 724 1622 nescio
744 1575 845 1623 tamen
865 1584 903 1622 an
929 1570 968 1622 ad
987 1570 1114 1622 inferius
1134 1568 1186 1621 ali·

172 1645 246 1710 quot
259 1640 413 1694 decenniis
432 1645 551 1709 tempus
572 1640 818 1695 descendendum
837 1642 876 1695 sit
894 1644 1019 1710 propter
1038 1637 1101 1694 abit
1120 1655 1187 1708 per·

170 1714 284 1766 fectum
308 1726 337 1764 u.
358 1710 392 1764 13
415 1712 546 1780 positum
573 1711 798 1775 (Lachmannus
817 1711 907 1765 Lucr.
929 1729 958 1781 p.
975 1711 1046 1775 209).
1084 1726 1187 1780 neque

170 1798 246 1838 uero
266 1782 357 1837 hodie
376 1782 446 1837 licet
465 1782 634 1836 diiudicare
648 1788 762 1851 quanta
776 1784 966 1838 licentiarum
984 1798 1056 1853 pars
1076 1788 1187 1852 poetae

170 1855 295 1924 primori
315 1858 430 1922 quanta
448 1854 669 1922 posterioribus
692 1856 843 1924 sortilegis
870 1854 1028 1921 debeatur,
1059 1855 1111 1922 qui
1134 1869 1187 1922 po·

169 1926 228 1979 tuit
247 1925 365 1978 fierint
384 1927 475 1978 etiam
501 1926 606 1979 ordine
629 1927 752 1979 inuerso
776 1926 940 1979 uerborum
960 1927 1074 1979 iustum
1093 1925 1184 1979 hexa-

169 2001 300 2051 metrum
318 1995 408 2049 talem
429 1996 465 2049 de
483 1995 598 2050 incerto
618 2012 729 2050 causas
746 2012 784 2050 ae
800 1997 878 2066 fiant
901 1996 929 2051 si
952 1994 1031 2064 sopi'
1051 1998 1133 2050 certa
1151 1997 1183 2049 in

171 2069 338 2137 captiosam
357 2068 488 2136 speciem
506 2072 661 2121 mutarent
931 2120 938 2129 ,

242 2139 257 2191 1
268 2138 339 2191 rade
349 2138 469 2205 tabella,
481 2138 808 2192 correxitRitschelius.
824 2154 922 2193 curua
932 2136 1084 2207 corripere
1095 2138 1184 2206 quasi

169 2209 367 2278 prouerbium
381 2209 439 2261 fuit
449 2208 576 2272 (Seneca
590 2211 735 2278 apocol.8
749 2209 864 2263 Plinius
880 2211 965 2279 epist.
974 2209 1001 2263 V
1010 2209 1035 2276 9,
1048 2209 1084 2275 6),
1096 2209 1183 2262 ἰθύνει

169 2281 283 2333 σκολιόν
299 2279 451 2334 Hesiodus
464 2281 514 2344 τὰς
527 2283 673 2346 καμπύλας
685 2286 745 2333 τῶν
758 2282 920 2347 ὑποκριτῶν
935 2279 1085 2346 βακτηρίας
1099 2280 1185 2333 ἀπευ-

169 2353 263 2405 θύνειν
277 2351 421 2416 ἀμήχανον
432 2351 509 2404 Plut.
522 2351 560 2406 de
572 2352 621 2405 lib.
634 2352 748 2407 educi
837 2352 854 2405 2
868 2352 999 2407 debebat
1009 2351 1099 2404 scribi
1114 2365 1185 2404 con·

170 2424 288 2476 cinnius
308 2438 370 2476 aaa
389 2424 432 2476 est
450 2428 504 2477 aut
528 2439 613 2492 qaae.
645 2424 813 2478 infinitiuus
838 2439 893 2493 pro
919 2423 1100 2492 imperatiuo
1129 2425 1185 2475 aut

169 2510 224 2562 pro
249 2492 294 2548 sis
317 2499 459 2563 receptus
483 2496 561 2548 sicut
584 2495 616 2547 in
634 2510 747 2565 graeco
773 2497 1011 2564 germanicoque
1034 2508 1183 2558 sermone,

169 2566 200 2617 in
223 2566 317 2618 latino
343 2570 426 2618 caret
446 2566 601 2634 exemplis,
627 2568 663 2619 cf.
684 2571 786 2620 tamen
804 2566 949 2620 lusoriam
969 2564 1111 2618 tabellam
1133 2563 1182 2618 Or.

168 2634 198 2688 Π
216 2653 244 2705 p.
257 2636 311 2690 447
330 2633 451 2689 domine
472 2635 581 2704 frater,
604 2635 696 2690 ilaris
719 2652 837 2704 semper·
856 2637 960 2691 ludere
978 2636 1084 2689 tabula

187 2706 204 2760 3
223 2708 338 2760 aemam
352 2710 388 2759 et
403 2706 460 2775 fiat
478 2712 588 2776 poetae
606 2708 751 2761 adscribit
767 2707 980 2775 Mommsenus,
999 2708 1071 2761 item
1088 2705 1107 2758 4
1123 2705 1184 2773 fal-

168 2792 238 2831 sam
256 2793 293 2832 rac
309 2777 365 2846 fiat
501 2778 517 2831 6
535 2776 707 2846 fertiliaom
726 2794 787 2848 qaa
805 2777 840 2832 ai
856 2780 860 2845 Ι
877 2776 964 2848 sequi
981 2794 1045 2832 aon
1064 2781 1183 2830 tantum

167 2848 307 2902 traditur.
333 2863 394 2916 par
407 2845 518 2902 cliaom
533 2864 592 2918 ego
612 2851 740 2916 correxi,
758 2865 828 2903 nam
847 2850 941 2904 cliuos
960 2850 992 2902 in
1011 2847 1184 2918 prouerbiis

170 2920 353 2973 difficultatis
372 2934 408 2972 ac
427 2919 567 2973 laborum
585 2921 696 2990 imago.
726 2936 788 3044 {aa
800 2919 937 2991 aestipas
955 2918 1043 2988 sequi
1061 2919 1185 2972 nonest

169 2996 222 3046 aut
235 3007 298 3060 qua
310 2989 361 3045 ais
373 2988 467 3059 sequi,
487 3007 549 3045 noa
563 2989 716 3059 adipiscas
753 2992 914 3047 itschelius.
933 2993 983 3045 cf.
1003 2994 1099 3045 sortes
1110 2988 1183 3044 San-

167 3062 320 3132 gallenses
341 3076 416 3129 quas
437 3061 530 3116 edidit
541 3062 714 3117 Winnefeld
733 3063 757 3130 2,
769 3063 804 3116 10
821 3061 874 3117 abi
892 3063 998 3130 audes,
1017 3058 1185 3129 paenitebit

168 3136 195 3186 ta
252 3165 256 3173 ·
307 3134 525 3187 leoncinnum
545 3140 610 3187 erat
630 3132 734 3188 omnio
750 3131 903 3204 formidat
1015 3133 1114 3187 8una
1134 3131 1184 3185 de·

169 3208 213 3258 est
233 3204 350 3272 syllaba
370 3205 417 3266 (da
441 3206 520 3258 certo
537 3204 572 3285 fit
590 3204 789 3271 Ritschelius),
809 3205 959 3259 sententia
979 3204 1078 3258 stulta.
1112 3218 1183 3273 pro-

167 3290 330 3344 posueram
353 3275 471 3344 pridem
491 3290 582 3342 peior
605 3278 684 3330 certo
708 3291 747 3330 ex
771 3273 845 3345 Syri·
863 3275 1015 3329 uersiculo
1036 3272 1184 3328 inimicas

166 3343 297 3426 praaior
321 3344 375 3417 qai
399 3347 470 3400 latai
493 3347 548 3400 sab
563 3349 686 3415 pectora
863 3346 879 3400 9
899 3348 942 3400 ita
961 3361 1022 3399 aes.
1042 3343 1129 3399 iubeo
1147 3346 1184 3398 at

166 3415 270 3484 iassei,
290 3414 319 3471 si
335 3415 421 3486 faxit
439 3417 628 3486 Ritschelius,
651 3416 738 3473 iubeo
759 3415 825 3484 oeti,
852 3415 897 3470 sei
915 3414 960 3470 sic
979 3416 1184 3470 Mommsenus

284 3488 319 3541 10
337 3494 391 3543 aut
410 3489 493 3559 qaod
514 3488 676 3544 delendum
695 3505 764 3543 cum
786 3488 948 3543 Ritschelio
976 3492 1030 3541 aut
1048 3487 1182 3541 scriben-

164 3558 239 3613 dum
254 3561 324 3628 peta
483 3561 516 3613 11
535 3561 696 3615 mendaces
713 3560 765 3615 uel
782 3560 911 3629 fallaces
929 3558 1183 3627 praeponendum

1304 144 1306 255 l

1305 454 1306 537 l
