2634 3892
608 177 747 218 DACTYLI

644 343 708 408 769

169 469 292 536 Indolis
314 468 369 534 hio
391 469 470 533 iacit
493 468 555 533 heu
580 487 656 532 ecee
679 468 821 552 sepultus

169 578 294 643 cunctis
316 577 425 657 karus,
450 593 566 641 exosus
588 595 652 639 non
674 573 737 639 nisi
759 574 919 639 maliuolis

169 683 366 750 Dextrianus
389 683 516 748 nomine
539 682 699 746 uocitatus
722 681 755 745 in
778 681 855 763 nita,

169 810 230 856 neo
251 789 411 871 inmerito,
435 811 509 853 narn
532 787 657 870 tuosic
679 807 819 870 munere,
844 787 956 869 Griste,

142 897 292 962 adextris
315 896 375 960 tibi
398 915 482 959 nunc
505 894 568 960 fido
592 894 721 960 adsistit
743 895 775 958 in
799 893 893 977 agnis

170 1009 334 1068 aeternum
357 1022 490 1086 sperans
512 1008 555 1083 te,
580 998 746 1086 d(omi)ne‚
770 1001 927 1084 largiente
951 998 1078 1065 donum.

169 1109 340 1196 prudentia
364 1115 432 1173 erat
455 1107 619 1193 praeditus
643 1108 808 1190 formaque
831 1107 976 1173 decorus.

168 1237 233 1281 non
256 1215 344 1282 aliud
367 1236 517 1298 umquam
540 1214 653 1280 habuit
675 1215 736 1279 nisi
761 1234 832 1279 cum
856 1215 999 1279 bonitate
1022 1211 1127 1296 fidem,

169 1343 230 1388 nec
253 1322 356 1388 defuit
378 1322 426 1387 illi
450 1322 574 1406 eligans
598 1342 670 1386 cnm
692 1321 887 1387 uerecundia
910 1320 1023 1406 pudor.

131 1450 161 1488 10
169 1430 220 1496 bis
242 1429 386 1494 undenos
409 1429 482 1493 aeui
506 1427 662 1512 conpletis
686 1427 778 1492 duxit
800 1428 962 1493 mensibus
986 1448 1086 1493 annos

168 1538 281 1623 pulcer
303 1543 336 1602 et
359 1537 524 1618 innocuus,
547 1536 602 1619 pia
626 1555 752 1618 semper
774 1542 881 1599 mente
904 1535 1067 1619 probatus.

169 1643 314 1727 lugemus
342 1649 385 1724 te,
417 1640 598 1707 miserande
626 1661 715 1725 puer,
749 1642 824 1724 quia
852 1643 949 1707 breue
973 1660 1065 1706 omne
1095 1640 1185 1724 quod

939 1748 1056 1813 bonurn
1079 1754 1137 1813 est.

170 1856 251 1921 obiit
274 1876 292 1921 e
316 1856 444 1921 saeculo
468 1861 556 1920 astra
578 1860 691 1940 petens
715 1854 767 1920 die
789 1855 918 1920 tertium
941 1874 1042 1920 nonas
1062 1854 1184 1939 Iunias,

645 1960 731 2044 qnod
754 1967 803 2027 est
825 1960 1001 2027 indictione
1023 1960 1138 2046 prima.

244 2103 315 2159 CIL.
334 2103 392 2156 XII
410 2103 464 2157 592
482 2103 560 2156 uidit
577 2102 750 2156 Hirschfeld
846 2102 942 2171 Aquis
962 2102 1073 2158 Sextiis
1091 2105 1122 2157 in
1142 2108 1186 2156 ta-

170 2175 243 2229 bula
262 2189 440 2228 marmorea.
468 2175 636 2228 hexametri
651 2175 773 2228 modiue
792 2175 906 2243 singuli
925 2176 1013 2228 binos
1032 2176 1064 2227 in
1083 2175 1185 2243 lapide

170 2260 280 2300 uersus
292 2246 416 2315 inplent,
436 2246 566 2314 primurn
587 2249 617 2299 et
635 2253 820 2314 postremum
840 2246 968 2315 cingunt
983 2247 1072 2315 signa
1086 2248 1185 2300 crucis

244 2318 258 2368 1
272 2323 340 2386 post
356 2317 413 2370 lacu
428 2321 566 2385 quaeest
582 2318 680 2370 crucis
696 2320 770 2369 nota
784 2331 822 2369 ex
838 2331 875 2369 ea
885 2318 1015 2370 fortasse
1025 2317 1186 2371 adsumen-

170 2387 244 2441 dum
255 2388 337 2457 quod
347 2389 451 2441 uersui
465 2388 658 2456 sermonique
669 2387 753 2441 deest
767 2385 960 2455 uenerabilis,
974 2385 1109 2457 iosipnia
1119 2389 1185 2442 sim.

242 2458 259 2512 3
277 2456 463 2513 uocitatatua
482 2459 559 2528 lapis

648 2549 712 2613 770

170 2657 341 2739 Insegnem
364 2630 516 2739 gencium
540 2675 650 2721 eruces
673 2656 853 2742 munimene
876 2660 1012 2739 septum,

169 2763 340 2846 ilnsontem
362 2763 450 2828 nulla
472 2763 599 2847 peceati
623 2762 717 2828 sorde
741 2762 893 2844 fucatum,

172 2868 403 2952 Theludosium
425 2889 570 2953 paruum,
594 2889 687 2952 quem
710 2890 791 2955 pura
814 2875 920 2934 mente
943 2874 1095 2953 parentes

170 2974 340 3061 op]tabant
363 2994 454 3041 sacro
478 2974 582 3040 fontes
604 2976 806 3060 baptesmate
828 2975 944 3058 tingui,

146 3082 331 3167 rimppoba
352 3101 437 3147 mors
459 3088 584 3165 rapuet.
619 3089 668 3146 set
692 3081 806 3147 summi
828 3088 934 3147 rector
957 3080 1075 3166 Olimpi

170 3190 368 3276 praelstabet
391 3189 533 3270 requiem
555 3190 715 3272 membris,
738 3189 794 3255 ubi
816 3189 931 3254 nobele
954 3190 1081 3273 signum

170 3296 362 3381 prae]fixum
385 3301 434 3360 est
457 3314 577 3380 cruces,
601 3295 810 3383 Ohrlist)ique
832 3303 1007 3362 uocanetor
1031 3316 1111 3362 eres.

244 3436 316 3493 CIL.
335 3435 394 3490 XII
412 3435 483 3491 5750
503 3438 598 3492 deser.
618 3443 648 3493 et
666 3439 820 3509 suppleuit
837 3436 972 3492 LeBlant
1069 3453 1134 3508 rep.
1153 3440 1186 3493 in

171 3510 239 3564 rino
259 3507 401 3562 Verdonc
420 3505 476 3571 (La
496 3506 642 3578 Gayolle).
671 3510 841 3580 praefixum
860 3511 982 3580 signum
1002 3511 1101 3563 crucis

243 3578 260 3633 5
279 3577 369 3632 Ouidi
387 3577 567 3648 Lucaniqne
587 3581 723 3636 clausula
812 3582 828 3636 7
847 3582 865 3634 i.
885 3581 1048 3635 uocabitur
1066 3580 1156 3637 heres
