2644 3884
588 217 715 259 SENARII

619 366 682 431 uo
729 329 732 334 ’

135 490 224 555 Bene
248 489 451 572 adquiescas,
475 490 598 572 Hilara‚
623 490 650 554 si
673 489 751 573 quid
774 491 903 575 sapiunt
926 491 1031 556 inferi.

134 601 170 660 iu
194 596 295 660 nostri
318 603 489 678 memento,
513 617 572 661 nos
594 616 767 679 numquam
791 597 1016 663 obliuisoemur
1039 601 1096 663 tui.

208 754 280 809 CIL.
298 754 339 809 VI
358 754 429 809 6250
448 756 575 810 eontulit
593 756 719 810 Henzen
758 796 763 804 .
836 756 951 811 Romae
969 757 1001 809 in
1020 756 1152 813 Statilio-

135 843 202 882 rum
222 826 392 895 sepulcreto
503 827 659 907 piaeoedit
678 825 818 882 Statilino
837 828 867 881 Τ.
883 828 901 881 l.
918 826 1046 882 Hilarus
1065 828 1153 883 Ama·

133 901 246 952 roratas
265 897 437 961 colondum)
457 899 634 968 Phololoqus
654 897 777 953 atraesis
796 897 921 968 coniugi
935 905 1061 968 posuer(
1078 900 1097 967 ).

207 970 219 1022 1
241 969 312 1022 tolle
331 966 442 1022 Hilaro
461 972 572 1023 nomen
592 976 621 1024 et
640 971 673 1023 fir
698 972 844 1025 senarius.
880 972 923 1024 sic
945 971 999 1024 hoo
1020 976 1074 1040 eqo
1091 970 1153 1041 feei

132 1042 216 1106 berre,
245 1037 273 1094 si
297 1038 374 1109 qaid
397 1038 524 1108 sapiant
548 1039 645 1109 infera
669 1042 866 1110 interpositus
885 1043 1003 1097 solutae
1023 1044 1154 1097 orationi

136 1113 223 1180 quasi
242 1113 380 1165 senarius
401 1109 485 1171 (Gori
505 1113 593 1165 inser.
617 1113 677 1165 Eur.
696 1112 711 1165 Ι
730 1111 789 1179 157,
809 1113 855 1178 85)
977 1113 1152 1168 asenarius

132 1183 203 1237 talis
220 1184 253 1236 ta
271 1180 331 1236 mei
349 1184 503 1249 memento,
524 1199 577 1253 eqo
596 1199 766 1252 numquam
785 1182 951 1239 obliuiscar
969 1183 1089 1238 iniiam
1102 1200 1153 1239 ex-

133 1255 232 1307 creuit
250 1254 282 1306 in
301 1254 507 1322 septenarium

616 1362 679 1427 180
730 1403 731 1407 =

134 1486 233 1552 Albia
257 1485 292 1552 O.
316 1487 338 1551 l.
363 1487 509 1572 Hargula
532 1488 615 1554 uixit
637 1510 711 1553 ann.
735 1489 811 1554 LVI

214 1600 314 1676 easta,
339 1593 402 1659 fide
426 1615 555 1679 magna,
580 1595 626 1660 sei
650 1597 821 1678 quiequam
845 1596 973 1681 sapiunt
996 1597 1099 1681 inferi,
1146 1621 1148 1628 ·

132 1706 169 1764 ut
194 1719 267 1765 ossa
290 1701 360 1765 eius
384 1720 467 1783 quae
491 1701 545 1766 hio
568 1702 631 1767 sita
655 1709 727 1767 sunt
750 1700 831 1768 bene
856 1705 1032 1785 quieseant.

207 1876 279 1931 CIL.
294 1878 333 1932 VI
347 1877 435 1932 11357
454 1878 550 1932 deser.
561 1878 688 1932 Henzen
775 1881 807 1932 in
825 1895 930 1934 museo
941 1880 1150 1936 Lateranensi.

133 1948 241 2002 luxata
263 1950 407 2015 membra,
427 1955 631 2018 praecurrunt
650 1950 762 2018 dactyli
783 1952 908 2005 iambos.
948 1954 1092 2022 propiora
1112 1954 1151 2006 ab

134 2020 301 2089 archetypo
321 2020 397 2073 haee
410 2021 481 2073 bene
495 2019 677 2090 adquiescas
688 2021 890 2090 fraterAucte
905 2021 992 2089 Porri,
1012 2021 1056 2076 soi
1070 2023 1152 2093 quie-

132 2106 230 2159 quam
254 2089 382 2160 sapiant
406 2089 503 2160 inseri
527 2093 694 2161 praemissa
714 2093 841 2147 disticho
861 2096 1049 2164 senariisque
1069 2095 1152 2163 (Bor-

134 2177 227 2214 mann
245 2177 316 2215 nou.
336 2164 425 2217 inser.
445 2164 495 2216 lat.
515 2180 543 2232 p.
559 2163 603 2228 14)

614 2272 674 2337 181

132 2393 207 2459 Alei
229 2394 263 2458 in
286 2395 443 2460 uenerieis
467 2395 573 2478 [rebus
596 2398 697 2461 uitam
720 2403 898 2480 conterunt,

132 2499 231 2564 mihei
255 2506 366 2566 eontra
389 2501 463 2584 ri[te
486 2508 613 2587 partam
636 2503 796 2567 Venerem
819 2523 903 2569 mors
926 2504 1020 2588 rapit.

204 2658 276 2713 CIL.
287 2659 302 2712 I
313 2660 383 2715 1277
401 2659 429 2712 X
442 2661 513 2715 5019
530 2662 625 2715 deser.
635 2660 808 2729 Mommsen,
828 2661 933 2716 PLME
947 2664 1007 2717 tab.
1017 2663 1115 2717 LXIX
1130 2665 1150 2719 J

239 2729 365 2784 Venafri
384 2730 490 2786 litteris
509 2733 725 2801 antiquissimis
860 2736 1050 2804 serrariorum
1069 2738 1149 2805 prin-

131 2802 212 2871 cipia
232 2803 360 2869 agnouit
379 2801 560 2883 Ritsehelius
574 2820 607 2884 ¹p.
622 2804 681 2871 106,
701 2819 759 2873 ego
781 2804 850 2857 olim
869 2806 1002 2859 feceram
1019 2847 1042 2860 ..
1057 2809 1149 2887 rebus

131 2874 1149 3016 11111111·111111111111111111111111111

130 3017 227 3069 tentia
252 3016 342 3069 docui
365 3017 514 3085 exemplo,
538 3021 716 3071 exornatam
741 3017 793 3071 dat
813 3017 878 3072 Leo
899 3017 996 3086 fariis
1021 3019 1150 3088 capiunt

129 3085 250 3154 quadiu
269 3091 299 3140 et
316 3101 400 3141 mors
419 3086 496 3141 torst.
526 3085 586 3141 alei
604 3086 639 3141 in
654 3104 684 3140 u.
702 3088 798 3154 Chloe,
817 3086 895 3142 misi
913 3091 1020 3144 eontra
1038 3089 1149 3146 rixosa

9 3150 16 3174 ⁸
130 3159 176 3211 esi
195 3156 387 3226 (immanius,
408 3174 498 3227 quem
518 3174 642 3213 uersum
662 3157 837 3213 Saturnium
857 3160 929 3214 dicit

612 3320 675 3384 182

132 3442 236 3506 Homo
260 3443 395 3527 tantum]
420 3444 453 3508 in
476 3445 545 3510 uita
567 3443 712 3528 possidet
736 3452 889 3526 quantum
912 3447 1021 3511 utitur.

203 3599 275 3655 CIL.
295 3601 321 3656 V
340 3603 411 3658 3865
511 3603 652 3658 Veronae
670 3604 702 3655 in
720 3604 894 3673 fragmento
