2644 3884
143 181 195 235 150
578 194 717 234 uacum

118 362 222 424 equos
246 341 352 426 terri]s
376 341 477 407 tenuit
500 341 616 407 fratres
640 340 765 425 dolmus
788 363 851 407 una
874 335 1048 424 fidesque,'

142 469 227 514 nunc
251 448 388 532 caelu]m
411 447 550 533 accipiet
573 447 753 532 iungithue
775 449 808 513 in
831 448 940 514 saecla
963 450 1099 515 coronis.

144 590 334 675 oomlposuit
356 589 481 673 lauldes
504 591 673 673 Damasus,
698 591 894 675 cognoscite,
918 597 1033 673 rector,

143 704 178 762 ut
202 696 305 782 pleb]s
328 704 441 763 sancta
465 696 576 780 [nouos
599 697 703 762 discat
726 698 889 763 celebrare
911 704 1073 782 patronos.

214 837 393 894 PGermano
407 839 439 891 in
449 837 559 893 Waalii
572 838 691 907 scriptis
701 837 785 892 Rom.
797 839 936 892 trimestr.
951 837 1021 892 1892
1034 854 1062 908 p.
1073 839 1108 893 63
1117 854 1158 893 ss.

251 911 392 964 carminis
416 909 593 963 Damasiani
622 910 763 963 destinati
787 925 825 963 ss.
850 909 978 963 Iohanni
1005 915 1035 964 et
1059 910 1158 964 Paulo

144 981 379 1037 Caelimontanis
406 982 580 1050 fragmenta
608 981 668 1033 alia
691 982 723 1033 in
747 981 814 1035 foro
837 986 960 1050 reperta
985 981 1026 1035 ad
1050 982 1157 1035 aedem

142 1052 262 1108 Romuli
286 1067 392 1121 nuper,
421 1053 481 1105 alia
505 1052 544 1105 ab
563 1049 641 1105 Aldo
660 1052 796 1105 Manutio
821 1052 891 1106 olim
912 1052 999 1120 leota,
1023 1052 1074 1106 illa
1093 1052 1159 1121 qui·

144 1125 212 1178 dem
222 1123 429 1177 Philooaliana
448 1124 548 1192 specie
568 1124 736 1177 litterarum
754 1124 908 1192 inscripta.
946 1124 1160 1193 supplementa

144 1200 215 1250 sunt
224 1194 323 1248 Roscii
342 1195 424 1258 (bull.
444 1193 573 1248 archeol.
597 1195 676 1248 erist.
697 1194 766 1249 1889
785 1210 814 1263 p.
825 1194 885 1263 143,
904 1195 974 1248 1890
991 1211 1020 1265 p.
1034 1194 1105 1262 147),
1124 1195 1157 1246 18

143 1268 241 1336 primo
260 1281 354 1320 uersu
373 1265 518 1320 Germani
536 1265 554 1318 l.
574 1280 596 1318 s.

214 1337 307 1405 2pro
329 1335 448 1391 Christo
466 1334 618 1406 sanguine
635 1335 708 1404 fuso
732 1336 809 1389 dant
830 1335 979 1405 8111188818
997 1353 1020 1391 8.
1040 1352 1062 1391 s.
1085 1336 1157 1405 [scr-

143 1410 250 1462 utatam
269 1405 369 1460 amori
387 1407 512 1461 Rossius
532 1408 690 1476 proposuit
803 1408 819 1462 7
839 1409 882 1461 sie
901 1409 932 1460 in
951 1423 990 1461 ss.
1010 1408 1160 1477 Chrysan-

143 1480 187 1533 thi
206 1478 359 1532 etDariae
378 1477 503 1532 ornauit
515 1478 672 1532 Damasus
685 1478 844 1545 tumulum,
864 1477 1040 1548 cognoscite,
1059 1480 1161 1533 rector

83 1609 87 1615 ,
144 1550 243 1614 (118881
262 1550 352 1602 inser.
373 1550 473 1602 christ.
491 1548 521 1602 Π
541 1547 601 1616 135,
619 1548 647 1612 9)

620 1710 686 1776 eoo
704 1668 707 1673 ’

143 1836 356 1901 Marmoribus
378 1835 497 1900 uestita
521 1835 624 1919 [nouis
646 1835 830 1901 ueneranda
854 1838 1012 1922 sepulcra,

144 1962 226 2026 quae
249 1942 439 2007 intemerata
461 1941 552 2007 fides
566 1941 710 2026 [decorat
733 1943 883 2027 Christiq.
909 1965 1036 2028 corona,

142 2049 197 2115 hic
221 2048 318 2114 etiam
341 2049 448 2133 paries
471 2049 554 2113 iusto
580 2048 769 2134 [distinguet
791 2049 926 2116 honore:

144 2158 251 2222 omnia
273 2156 369 2240 plena
391 2154 483 2220 uides
508 2153 629 2237 [diuino
654 2155 773 2221 lumine
797 2158 889 2222 caeli.

214 2299 332 2353 Notizie
351 2298 380 2351 d.
399 2299 483 2352 soavi
503 2296 573 2352 1889
592 2313 620 2367 p.
634 2296 695 2364 274,
723 2305 791 2351 acta
810 2300 891 2352 aroh.
910 2298 994 2352 Rom.
1014 2299 1159 2368 municip.

144 2370 214 2426 1889
233 2388 261 2440 p.
274 2369 328 2423 442
347 2369 443 2424 deser.
455 2368 538 2424 Gatti
638 2369 752 2423 Rornae
771 2370 802 2422 in
819 2385 925 2439 campo
936 2369 1056 2423 Verane
1076 2369 1159 2439 frag-

143 2447 279 2497 mentum
297 2442 456 2495 marmoris
475 2440 674 2510 calligraphia
688 2440 894 2494 Philocaliana
912 2441 999 2494 incisi
1017 2441 1160 2495 testantis

34 2568 37 2575 1
143 2513 268 2567 Damasi
280 2513 501 2566 auctoritatem.
520 2511 661 2582 suppleui
670 2517 705 2564 ut
714 2512 929 2566 adumbrarem
942 2516 1158 2581 argumentum

215 2584 233 2638 3
252 2582 403 2638 iustorum
421 2581 548 2637 nomina
563 2581 679 2652 pandit
687 2582 812 2637 Rossius
831 2584 989 2653 proposuit
1007 2585 1039 2636 in
1047 2582 1160 2637 Waalii
1232 2630 1237 2643 „

144 2656 219 2709 actis
238 2656 378 2708 trimestr.
397 2653 481 2708 Rom.
502 2654 572 2708 1890
590 2672 617 2724 p.
631 2655 684 2709 981

618 2817 685 2881 310

143 2940 325 3024 (lingebant
348 2940 461 3005 latices
484 2947 624 3005 montem
647 2948 821 3024 teneroque
845 2947 953 3006 meatu

143 3067 278 3132 corpora
301 3048 480 3131 multorum,
506 3049 629 3113 eineres
652 3055 749 3130 atque
773 3068 846 3113 ossa
868 3049 1030 3132 rigabant.

142 3175 206 3219 non
229 3154 303 3219 tulit
326 3153 388 3219 hoc
411 3154 580 3237 Damasus,
606 3154 764 3219 communi
786 3154 860 3239 lege
883 3156 1026 3239 sepultos

143 3266 216 3346 post
239 3260 381 3342 requiem
405 3261 512 3326 tristes
535 3260 651 3325 iterum
673 3261 855 3345 persoluere
877 3281 1008 3346 poenas.

118 3367 286 3452 sprotinus
310 3365 481 3450 adgressus
504 3387 655 3450 magnum
678 3386 829 3451 superare
852 3367 993 3432 laborem
1024 3412 1030 3429 ,
1142 3410 1148 3428 ‚

142 3471 274 3558 aggeris
296 3472 432 3537 inmensi
455 3472 573 3538 deiecit
596 3473 735 3538 culmina
757 3473 884 3539 montis.

139 3579 255 3645 intima
278 3579 414 3645 sollicite
437 3586 596 3645 scrutatus
619 3580 745 3646 uiscera
767 3587 872 3647 terrac
