2634 3892
160 153 214 206 360
595 170 735 211 nncrrnr

160 334 261 379 annos
284 321 316 379 et
339 314 471 400 uir]ides
493 323 664 401 postquam
687 317 834 384 doctriua
856 320 1003 405 repleuit,

160 428 236 486 tunc
259 421 456 506 lacrimatlus
479 424 559 507 abis,
583 430 659 489 tunc
682 423 804 508 gaudia
827 426 919 510 larga
940 433 1109 512 parentum

61 589 64 594 ,
160 548 296 613 spesque
320 530 439 614 omnes]
462 537 564 596 mesto
587 539 694 596 tecum
718 533 775 597 sub
799 534 931 618 puluere
955 533 1077 599 condis.

134 642 192 702 sat
215 655 310 721 super
334 638 432 722 astra]
458 637 547 720 deus,
571 638 626 720 qui
650 644 682 703 te
705 638 856 703 formauit
879 646 911 704 et
934 640 1049 723 aufert,

160 743 299 808 clemens
322 744 476 829 accipilat
499 750 669 827 semetque
693 745 736 809 ad
759 745 879 829 gaudia
903 748 1088 813 membrum.

232 900 304 956 CIL.
317 902 361 954 lll
380 904 477 972 suppl.
491 904 562 958 9638
580 904 676 958 descr.
695 910 725 958 et
744 905 880 974 expleuit
890 905 973 959 Bulib
1054 906 1174 962 Salonis

159 974 191 1026 in
209 972 335 1027 basilica
353 975 385 1026 in
405 990 498 1043 opere
516 977 635 1029 musiuo
766 1033 769 1037 ,

230 1042 458 1112 tepescamus,
477 1045 494 1100 5
514 1045 733 1117 omnipotensq.
752 1047 818 1100 Bul.
890 1047 907 1101 5
926 1049 1031 1102 Iouem
1049 1047 1104 1118 qui
1119 1064 1175 1117 po·

159 1112 207 1168 nit
224 1116 252 1167 ct
265 1116 370 1185 aufert
386 1117 594 1186 Hor.ep.118,
606 1118 657 1171 111
677 1120 806 1183 (monuit
818 1117 893 1183 Leo)
963 1120 980 1173 6
993 1122 1012 1173 i.
1025 1121 1175 1174 membro·

160 1201 235 1253 rum,
256 1201 295 1240 cx
313 1190 537 1243 resurrectione

633 1261 697 1326 153

159 1366 221 1431 Hic
244 1366 330 1431 iacet
353 1367 521 1432 Heraclius
543 1367 675 1432 nimium
700 1367 837 1434 dilectus
860 1370 991 1451 amicus,

160 1471 286 1554 eloquio
308 1474 440 1557 primus,
462 1473 542 1537 nulli
565 1474 726 1559 probitate
749 1464 918 1540 secundus.

230 1631 317 1685 Rossi
337 1632 425 1684 inser.
445 1631 545 1685 christ.
561 1632 646 1686 Rom.
666 1633 695 1686 ΙΙ
708 1633 768 1698 116,
782 1633 817 1687 95
836 1638 866 1687 et
885 1633 928 1700 90,
941 1634 976 1688 52
996 1649 1035 1688 ex
1054 1633 1175 1688 schedis

159 1704 287 1771 ipsoque
306 1702 408 1771 lapide
427 1718 445 1755 a
464 1704 516 1755 uia
529 1702 646 1758 Salaria
665 1706 812 1759 translato
832 1705 869 1758 ad
884 1703 912 1759 S.
923 1705 1049 1759 Mariam
1062 1704 1175 1759 Trans-

159 1774 328 1838 tiberinam,
352 1774 392 1826 ‘in
411 1774 512 1843 lapide
531 1779 677 1829 secuntur
696 1792 805 1830 uersus
825 1777 894 1843 duo,
917 1777 968 1829 alii
988 1781 1111 1832 exsecta
1130 1782 1174 1829 ta·

159 1845 232 1898 bula
251 1844 416 1914 perierunt¹

231 1916 376 1984 tpietate
395 1917 594 1971 substituerat
613 1916 725 1972 Gruter
745 1918 822 1985 1176,
843 1918 885 1971 10.
913 1916 1028 1987 Vergili
1047 1917 1172 1972 Turnus

159 1987 244 2041 baud
262 1985 320 2041 otti
337 1985 452 2042 uirtute
471 1989 624 2042 secundus

636 2113 702 2178 154

158 2238 294 2303 Paccius
318 2236 371 2302 hic
394 2257 455 2321 ego
478 2257 547 2302 sum
571 2238 726 2303 Germilla
749 2258 898 2322 compare
921 2237 1077 2321 gaudens.

158 2345 296 2409 uiximus
319 2343 381 2407 heu
404 2343 536 2408 nimium
559 2343 655 2427 frugi,
680 2343 755 2408 dum
779 2344 866 2409 iussa
889 2344 1039 2427 tulerunt,

160 2456 256 2533 atque
279 2470 337 2535 per
360 2470 522 2515 emensum
545 2452 658 2535 spatiis
682 2452 895 2534 transegimus
918 2471 1043 2533 aeuum,

160 2558 296 2639 coniuge
320 2576 391 2621 cum
414 2555 582 2640 s(au)c(t)a
605 2563 755 2642 suscepta
777 2558 867 2641 prole
889 2558 1022 2641 potitus,

135 2683 216 2748 sper
238 2682 331 2728 senos
354 2664 531 2746 iterumque
555 2663 667 2728 decem
690 2669 741 2729 sat
764 2663 898 2729 fecimus
921 2668 1031 2730 anuos.

159 2769 264 2834 tristia
288 2775 361 2834 sunt
384 2771 478 2853 natis,
503 2768 561 2835 sed
584 2769 717 2834 multum
740 2776 835 2854 grata
857 2772 994 2854 parenti,

158 2881 193 2941 ut
216 2876 303 2960 prior
326 2877 358 2939 iu
380 2896 494 2961 pacem
518 2876 614 2941 cedat
636 2877 842 2960 subolemque
866 2876 1037 2960 relinquat.

229 3035 317 3089 Rossi
336 3036 425 3089 inser.
448 3036 547 3088 christ.
566 3035 651 3089 Rom.
670 3035 700 3088 II
720 3036 778 3103 116,
799 3036 834 3090 94
857 3041 887 3090 et
905 3036 949 3101 88,
968 3036 1003 3090 36
1024 3052 1041 3090 e
1064 3037 1174 3091 codici-

50 3179 53 3183 ,
158 3108 217 3161 bus
324 3108 377 3160 uia
396 3105 514 3161 Salaria
534 3122 617 3160 noua

183 3250 188 3261 ¹
230 3175 473 3247 3transepimus
492 3178 631 3231 absolute
653 3179 671 3231 i.
692 3178 861 3248 satagendo
886 3178 927 3231 ad
951 3178 1042 3233 finem
1062 3193 1173 3248 perue-

159 3265 259 3302 nunus

632 3321 696 3385 155

159 3443 281 3527 Corpus
304 3445 410 3528 humo,
435 3447 573 3510 animam
597 3445 761 3529 (lhilistm,
785 3446 933 3527 Petroni,
951 3443 1082 3511 dedisti.

159 3569 233 3613 uam
256 3551 359 3615 iustae
382 3558 506 3618 mentes
528 3552 677 3618 fouentur
699 3554 791 3618 lucae
816 3553 947 3618 caelesti
