2646 3884
182 167 218 225 50
643 182 733 222 saner

184 328 368 397 adrogatum
384 329 527 381 statueris
628 328 645 381 1
658 333 831 399 purgantur
844 330 962 383 numeri
976 344 1115 384 sermone
1128 345 1198 399 pur·

183 403 257 469 gato
275 398 377 467 saturn
396 397 509 469 infelice
528 400 611 470 quod
710 400 789 453 inter
809 400 825 453 7
844 404 874 452 et
893 400 910 453 8
928 400 1123 454 interuallum
1145 417 1197 455 no·

184 474 229 525 tat
247 470 408 539 Winghius
508 472 525 525 8
543 469 632 540 111111
650 471 801 538 responde
816 485 928 538 precor
945 471 1126 525 Ritsehelius
1246 536 1250 545 A

221 541 253 593 11
274 541 388 595 hiatum
408 542 488 596 idem
508 543 637 596 obduxit
656 541 795 595 animula
814 544 913 596 forma
1044 543 1078 595 12
1097 558 1197 612 anper

184 612 244 666 hue
263 628 279 666 e
298 612 315 666 6
334 613 486 684 relapsum
505 614 629 668 uidetur
648 629 702 682 pro
722 613 812 666 modo
831 614 881 667 uel
900 612 984 667 mihi.
1016 613 1196 669 Ritschelius

185 699 274 754 quem
291 700 392 753 anper
405 700 587 753 pepereram
606 682 755 752 1111111111
773 685 816 738 ad
834 683 960 754 Stppics
980 686 1085 739 domos

668 864 710 927 93

183 988 315 1072 Quarto]
340 987 474 1053 decumo
498 1009 581 1052 anno
605 987 730 1071 insessix
753 989 831 1053 mihi
855 988 944 1053 uenit
966 986 1037 1052 dies

183 1095 277 1179 quae]
301 1095 401 1160 uitam
425 1102 457 1160 et
479 1095 581 1159 lucem
605 1095 771 1178 reli[euam
794 1094 1006 1180 praecideret,

182 1222 243 1268 nec
265 1202 387 1267 licitum
411 1208 459 1267 est
482 1202 598 1266 misera
622 1201 718 1284 s[orte
740 1222 791 1267 me
814 1208 850 1266 ut
873 1221 1009 1285 aequom
1032 1201 1092 1266 fuit

183 1309 262 1373 meis
284 1308 402 1373 referre
426 1309 632 1373 lacrumulam
656 1309 864 1393 [parentibus

160 1432 291 1480 suerum
315 1434 365 1479 me
388 1435 473 1480 mors
496 1416 614 1480 acerba
637 1414 780 1497 denibus
803 1415 854 1480 his
876 1416 965 1499 prius

183 1522 301 1605 aetate]
325 1521 495 1603 immatura
518 1521 650 1587 abstulit
675 1521 753 1604 [fato
777 1521 897 1586 inuido.

182 1627 368 1695 dulcissima
391 1636 497 1695 autem
521 1636 553 1693 et
576 1628 684 1695 suauis
708 1628 798 1712 [meis
820 1629 887 1693 nixi
911 1628 1066 1694 omnibus.

254 1805 335 1859 Doni
354 1807 443 1859 inser.
464 1811 525 1860 ant.
544 1806 599 1860 XV
612 1806 656 1872 32,
676 1805 824 1859 Muratori
843 1806 919 1859 thee.
937 1806 1044 1872 1668,1
1146 1821 1197 1859 ex-

183 1877 270 1930 tabat
288 1877 364 1946 lupis
383 1878 415 1930 in
433 1893 538 1932 museo
556 1877 693 1931 Trebiati
709 1877 851 1931 Vmbriae
871 1878 919 1941 (ef.
943 1875 1015 1931 CIL.
1035 1876 1064 1930 II
1083 1875 1195 1945 15021.

184 1949 237 2017 qui
260 1949 417 2017 praecedit
440 1964 549 2002 uersus
577 1954 716 2002 mortuae
739 1949 860 2017 puellae
888 1964 999 2002 nomen
1022 1950 1196 2001 narrauit..

182 2018 338 2088 He]donoe
362 2018 566 2087 Pomponioes
590 2019 649 2088 [lib.
675 2021 789 2089 pariter
816 2021 925 2088 reliqui
950 2035 1058 2073 uersus
1081 2021 1113 2072 in
1136 2020 1197 2073 fine

166 2091 313 2144 mutilati
332 2095 404 2145 sunt
422 2107 534 2157 omues,
554 2093 640 2145 initio
660 2099 762 2144 autem
781 2096 899 2144 tantum
920 2091 967 2144 12
987 2095 1017 2144 et
1035 2092 1067 2143 in
1082 2106 1143 2160 quo
1158 2092 1197 2143 la-

184 2178 294 2215 cunam
313 2163 490 2231 ampliorem
509 2163 584 2215 Mur.
604 2163 753 2215 indicauit
772 2162 789 2215 6
905 2162 1029 2230 expleui
1046 2166 1081 2214 ut
1102 2163 1196 2230 potui,

184 2235 329 2303 quartum
349 2234 509 2287 decumum
528 2249 641 2287 annum
661 2234 783 2301 aliaque
797 2234 945 2301 praestari
959 2248 1022 2285 non
1040 2247 1129 2301 posse
1143 2247 1197 2301 per

183 2320 216 2358 se
233 2305 428 2373 intellegitur.
466 2311 597 2358 aetatem
622 2308 775 2373 optumam
799 2308 970 2357 monstrant
988 2303 1112 2357 decumo
1130 2319 1160 2356 u.
1181 2303 1196 2356 1

184 2380 214 2430 et
232 2375 436 2429 locrnmularn
451 2377 469 2428 4
488 2377 604 2430 sociata
622 2391 690 2428 cum
704 2373 884 2428 dulcissimo
899 2375 923 2441 1,
943 2372 1062 2428 licitam
1075 2376 1120 2428 est
1132 2389 1197 2443 per-

183 2448 296 2502 fectum
316 2448 353 2500 cf.
373 2447 416 2513 54,
436 2462 456 2511 2,
476 2463 537 2501 non
557 2447 725 2501 fastiditum
745 2448 846 2499 entem

254 2519 307 2570 41.
328 2520 490 2586 exsequias
516 2519 701 2587 persoluere,
731 2533 829 2585 eaque
853 2518 910 2570 fuit
929 2519 1079 2571 sententia
1105 2532 1197 2586 quam

184 2590 360 2658 saepissime
379 2596 522 2658 parentes
541 2590 704 2643 liberorum
724 2590 927 2642 monumentis
946 2589 1136 2657 inscripsere,
1159 2588 1196 2641 ef.

183 2660 224 2714 IN
252 2660 323 2714 1084
346 2662 416 2713 ante
435 2658 545 2714 occidit
569 2676 663 2729 quom
681 2659 748 2713 suis
767 2660 850 2727 beate
869 2657 988 2713 meritis
1002 2658 1197 2728 preponimus

183 2730 308 2800 prutina
327 2732 443 2799 referre
458 2730 572 2800 pot[uit
590 2731 641 2785 uel
660 2731 786 2785 Henzen
804 2731 874 2788 1319
893 2732 976 2800 quod
993 2729 1097 2785 debuit
1112 2729 1197 2800 filins

179 2800 363 2870 parentibus
382 2801 517 2872 officium
532 2804 702 2870 praestare,
731 2803 811 2856 hunc
833 2819 896 2856 nort
920 2801 1027 2857 merito
1052 2802 1107 2855 sed
1129 2802 1196 2870 feto

182 2889 266 2927 onore¹
284 2872 476 2928 inmaturum
500 2872 627 2942 opstnlit
649 2871 715 2927 suis
735 2873 931 2928 carissimum
951 2873 1042 2942 (auno
1063 2872 1130 2927 Chr.
1151 2871 1195 2934 16)

238 2946 254 2998 1
274 2946 508 3014 frequentantur
527 2946 599 2998 talia
618 2961 692 2998 coro
706 2943 772 3000 sais
792 2943 941 3010 omnibus,
956 2944 1033 3013 pius
1045 2942 1080 2998 ta
1094 2958 1196 2997 ornnes

184 3030 257 3069 snos
277 3015 360 3078 (CIL.
380 3016 409 3069 ΙΙ
429 3016 599 3083 12422361)

669 3126 713 3190 94

184 3249 328 3333 Ephesia
350 3249 464 3314 Rufria
486 3238 603 3334 ma[ter
627 3258 658 3315 et
683 3251 799 3315 coniux
822 3251 907 3315 bona

184 3355 238 3422 hle
261 3356 452 3440 adquiescit,
477 3357 552 3440 quai
576 3356 672 3440 [mala
694 3357 791 3441 periit
814 3356 895 3421 febri

160 3448 279 3547 ¹quam
302 3464 420 3529 medici
443 3470 571 3549 praeter
594 3462 812 3548 e[xpectatum
836 3462 1045 3527 adduxerant.

184 3572 326 3638 solamen
350 3570 723 3654 esthoesim[1rlatique
747 3569 888 3636 criminis
