2644 3884
150 124 204 181 196
592 139 734 180 osorem

150 305 211 374 pro
233 305 350 351 nouem
374 286 522 373 opti2ouit
545 287 673 371 populis
695 285 873 374 seliungere
897 283 1044 372 Gallos!
1078 294 1088 311 ³

149 392 230 459 urbe
253 391 357 459 redux
380 391 484 481 gelnio
508 392 586 477 pagi
608 391 694 459 hanc
714 390 718 480 l
739 392 871 459 dedicat
893 413 993 458 aram.

222 568 333 626 Revue
352 571 449 641 epior.
469 569 511 623 du
529 569 601 622 midi
621 569 691 623 1885
710 586 739 639 p.
755 570 814 637 110,
828 568 881 623 537
900 584 939 623 ex
958 571 1092 640 imagine

150 655 216 710 rep.
241 643 275 696 in
300 658 383 713 pago
403 612 614 695 'Iarbellorum
631 639 809 709 Hasparren
833 642 866 693 in
884 640 1168 711 Nouempopulania

151 727 209 769 ara
227 728 408 780 marmorea,
427 712 533 766 litteris
553 710 756 765 deterioribus
776 716 806 765 et
825 726 924 780 aeque
942 714 1084 767 uersibus

224 784 243 838 2
270 785 467 839 Aurelianum
496 786 550 834 aut
577 781 711 835 Probum
741 784 856 852 cogitat
884 782 1057 851 Mommsen,
1087 790 1168 840 certe

152 857 358 926 antiquiorem
377 853 565 908 Diocletiano
584 851 760 922 Augustum
860 852 966 908 debuit
984 853 1077 925 lepoti

150 929 207 984 ei.
227 934 262 982 ut
280 929 445 997 imperator
463 924 502 977 ab
521 923 568 977 his
585 922 688 978 Gallos
708 926 893 993 seiungeret,
913 926 1168 993 quemadmodum

152 997 320 1055 Mommsen
342 999 567 1065 intorpretatur,
593 997 742 1063 separatis
760 994 927 1064 Aquitania
951 1002 980 1050 et
1000 997 1169 1067 Nouempo-

152 1069 287 1143 pulania.
333 1069 382 1122 alii
411 1070 503 1135 atque
534 1066 600 1134 lpse
627 1065 829 1121 Mommsenus
858 1068 987 1136 primum
1016 1070 1167 1123 contrario

151 1156 246 1197 setrsu
265 1156 296 1196 se
315 1138 440 1208 tenpore
466 1136 620 1206 legebant.
654 1153 702 1191 res
722 1152 761 1191 ex
780 1139 884 1207 inopia
904 1145 1169 1195 monumentorum

151 1218 183 1270 ot
201 1212 293 1267 huius
311 1210 438 1265 infantIa
457 1222 566 1277 parum
586 1213 741 1277 comperta
761 1216 806 1264 est

627 1387 690 1454 261

152 1532 340 1618 sumptibus
366 1550 384 1596 e
407 1530 546 1614 propriIs
568 1530 663 1596 Felix
687 1532 868 1615 Caluaeque
891 1538 1056 1617 gratantes

153 1640 238 1729 haue
259 1659 348 1705 aram
370 1643 512 1703 statuere
534 1636 596 1703 deo
621 1638 825 1723 [electissimo
849 1639 981 1707 Phoebo

152 1754 297 1833 tempore
320 1765 381 1828 quo
405 1744 531 1830 patriae
554 1745 660 1812 fasces
683 1746 834 1832 [gessere]
857 1753 1011 1814 sacratos.

226 1922 298 1980 cru.
317 1921 387 1977 VIII
406 1921 477 1977 9019
502 1924 629 1978 contulit
647 1924 815 1978 Wilmanne
922 1927 954 1979 in
976 1925 1095 1980 colonia
1119 1923 1169 1981 Se·

155 1996 262 2068 ptimia
280 1994 352 2049 Aur.
372 1992 570 2049 Auriensium
671 1997 875 2066 subscrIptum
892 1995 1035 2066 felrlet'ter

226 2067 244 2120 2
262 2068 294 2120 in
312 2062 489 2119 sacerrimo
531 2068 619 2120 artim
642 2082 798 2121 euanuere
819 2083 862 2121 aa
879 2068 1006 2135 litterae,
1032 2072 1169 2122 ctamen

153 2137 238 2194 uulla
256 2143 393 2207 apparet,
413 2138 449 2191 of.
460 2082 531 2191 VIII
544 2137 615 2192 9017
628 2135 752 2192 numici
770 2140 859 2192 sacto
878 2136 1026 2193 Victoriae
1046 2135 1169 2193 Vr'ctricc'

206 2209 224 2264 3
242 2222 360 2279 pessare
380 2207 441 2262 duo
460 2208 520 2262 uiri
540 2209 679 2263 coloniae

630 2388 695 2453 262

152 2530 346 2614 Susceptum
367 2531 482 2596 merito
505 2537 615 2597 uotum
639 2530 709 2613 tibi,
733 2530 881 2614 Mercuri,
905 2530 997 2615 solui,

151 2641 188 2702 ut
210 2635 313 2702 facias
335 2635 455 2704 hilares
478 2657 602 2723 semper
625 2643 681 2703 tua
703 2637 824 2724 templa
847 2637 998 2704 colamus.

224 2811 295 2868 CIL.
315 2813 341 2868 V
360 2812 430 2869 6506
459 2816 585 2869 contuIIt
612 2815 790 2883 Mommsen,
822 2815 871 2870 Or.
891 2815 969 2870 1418.
1006 2813 1068 2869 AL.
1093 2814 1166 2869 Bur-

151 2884 255 2938 manni
273 2883 304 2939 II
322 2884 382 2953 151,
410 2885 525 2955 Meyeri
542 2887 596 2942 832
753 2887 915 2950 Nouariae.
943 2888 1165 2957 praescrIptum

152 2954 283 3024 Optatus
303 2955 429 3012 Cassiae
450 2955 590 3026 optionis
606 2958 631 3028 f.

223 3026 239 3080 1
259 3026 395 3084 Mercure'
414 3034 555 3099 correpta
574 3035 726 3099 postrema
746 3045 815 3084 cum
834 3030 932 3099 prima
950 3045 1035 3084 more
1051 3029 1165 3099 Nigidii

149 3105 314 3155 acueretur
413 3100 467 3154 21.
486 3105 522 3155 ut
539 3102 635 3156 facias
657 3106 692 3156 ut
711 3101 845 3156 colamus

623 3280 689 3346 263

146 3413 282 3490 Somnio
304 3424 522 3510 praemonitus
544 3425 636 3492 miles
659 3424 744 3490 hano
766 3443 886 3510 ponere
908 3424 1000 3490 iussit

145 3541 240 3596 aram
263 3551 347 3616 quae
370 3531 473 3598 Fabio
496 3540 597 3620 nupta
620 3538 670 3598 est
693 3531 855 3618 Nymphis
876 3529 1078 3598 uenerandis.
