2646 3884
170 155 207 208 14
645 169 735 208 rrum

172 313 217 381 (O.
238 311 387 367 Muluium
417 315 501 367 Mons.
528 330 586 368 coa.
615 315 800 369 ordinarium
827 318 899 370 anui
918 318 971 371 263
996 326 1196 374 memoratum

172 386 207 438 in
233 384 320 438 titulo
350 384 540 440 Narbonensi
567 386 638 441 CIL.
663 386 721 440 XII
748 387 820 441 4324
845 389 975 443 eundem
1000 406 1067 444 esse
1094 396 1196 446 censet

173 455 378 510 Mommsenus
399 457 441 511 ibi
461 457 530 510 add.
551 474 577 527 p.
590 458 662 525 845),
687 474 759 512 mox
780 460 949 514 consularis
974 460 1095 531 legatus
1114 460 1197 532 Aug.

176 543 233 596 pro
252 543 297 596 pr.
316 529 496 596 prouinciae
515 528 682 599 Hispaniae
702 531 858 595 citerioris,
878 530 999 601 legatus
1013 531 1092 602 Aug.
1107 539 1195 587 extra

174 598 315 662 ordinem
334 600 442 652 missus
462 601 493 652 in
513 602 671 669 regionem
691 600 953 670 Transpadanam,
973 604 1094 673 legatus
1113 604 1194 674 Aug.

177 686 231 738 pro
252 686 296 739 pr.
316 686 401 738 prou.
422 670 590 725 Delmatiae
609 671 649 724 ad
674 687 765 740 quam
783 672 914 742 Iapydee
939 679 969 728 et
988 674 1195 729 Liburnorum

175 741 317 794 ciuitates
344 742 546 810 pertinebant,
576 742 708 811 denique
735 744 856 812 legatus
881 743 961 814 Aug.
982 761 1037 814 pro
1057 763 1101 815 pr.
1122 745 1195 802 Ger·
1302 746 1313 785 Ὺ

175 813 356 879 maniarum,
376 818 410 866 ut
428 813 559 880 uidetur,
579 814 745 881 superioris
765 815 853 867 simul
873 820 903 868 et
921 817 1081 883 inferioris,
1108 834 1194 886 prae·

176 888 262 937 terea
283 888 443 951 cooptatus
462 885 494 936 in
514 884 633 937 sodales
658 885 798 937 diuorum
826 891 860 939 ut
883 886 1085 941 Hadrianales
1102 888 1195 943 Anto-

176 955 327 1007 ninianos.
365 955 510 1009 iuridioos
536 955 643 1009 Italiae
668 955 705 1008 M.
730 955 873 1010 Aurelius
899 957 990 1024 dedit,
1021 957 1194 1014 consularia

178 1027 358 1094 prouinciae
377 1024 502 1095 Septimi
522 1025 627 1081 Seueri
648 1032 748 1080 aetate
769 1027 889 1097 legatus
909 1029 1076 1083 consularis
1103 1032 1194 1085 etiam

177 1104 267 1150 extra
290 1098 424 1150 earmina
437 1104 575 1151 uocatur.
613 1099 667 1150 uix
679 1100 829 1167 posterior
842 1101 899 1153 fuit
909 1099 1060 1154 Maximus
1075 1101 1193 1156 Bruttio

179 1167 344 1221 Praesente
364 1166 518 1222 Commodi
538 1185 644 1223 socero
670 1186 729 1223 oos.
747 1169 776 1222 II
795 1185 821 1222 a.
840 1170 893 1224 180
918 1173 969 1239 qui
995 1173 1076 1240 quod
1103 1174 1194 1226 etiarn

177 1238 268 1292 Fului
287 1238 411 1292 Maximi
430 1241 553 1294 nomina
571 1241 704 1306 ferebat,
732 1241 879 1296 accidisse
905 1248 1005 1312 potest
1026 1250 1060 1299 ut
1084 1260 1194 1314 cogna-

178 1310 264 1363 tione
283 1310 365 1362 illum
387 1312 587 1379 contingeret.
619 1328 673 1365 ara
694 1312 795 1366 dicata
815 1319 860 1366 est
881 1314 1077 1370 sollemnibus
1101 1322 1194 1385 togae

180 1394 277 1449 purae
296 1381 468 1434 liberorum.
496 1383 588 1435 iambi
608 1384 767 1451 integritas
788 1384 820 1436 in
840 1390 948 1452 quarto
970 1387 1049 1454 pede
1073 1388 1119 1440 bis
1143 1403 1194 1441 ne-

178 1451 281 1575 gleetrl
300 1452 359 1504 u.3
378 1452 431 1576 ulgi
451 1459 558 1523 sponte
578 1469 610 1506 se
631 1454 775 1507 obtulisse
804 1456 911 1509 eredas
930 1472 1003 1510 moer
1024 1456 1193 1522 Celtiberos,

179 1519 253 1576 dein
277 1537 291 1574 a
311 1528 340 1576 et
359 1538 389 1574 u.

254 1594 268 1645 1
298 1608 336 1646 eor
363 1595 459 1662 posui,
484 1595 512 1647 et
537 1595 655 1674 priores
756 1596 773 1649 3
801 1595 946 1651 Lucanus
972 1597 1013 1652 IV
1032 1599 1067 1652 10
1096 1597 1193 1653 Celtae

179 1662 340 1719 miscentes
363 1680 474 1719 nomen
501 1663 633 1730 Halteras,
660 1666 805 1721 Martialis
833 1666 1025 1723 Bilbilitanus
1049 1669 1090 1723 IV
1114 1668 1193 1736 55,ss

183 1751 240 1789 nos
262 1733 350 1790 Celtis
369 1734 488 1804 genitos
507 1738 534 1791 at
553 1752 591 1790 aar
608 1735 739 1802 Hiberis,
763 1738 790 1791 X
809 1738 883 1801 65,3
908 1737 995 1793 dicor
1013 1756 1052 1794 eor
1069 1738 1193 1796 Hiberis

181 1808 211 1860 et
232 1805 321 1862 Celtis
339 1806 474 1876 penitus,
500 1809 614 1877 pariter
638 1809 803 1878 asyndetos
821 1809 877 1863 VII
895 1810 969 1875 523
989 1827 1073 1866 meas
1095 1815 1198 1881 pentes

181 1879 211 1931 et
232 1878 329 1932 Celtas
347 1877 429 1932 restit
447 1877 577 1934 Hiberos
726 1882 754 1934 d.
766 1883 900 1935 amatas
919 1887 953 1935 ut
972 1883 1095 1937 uidetur
1120 1884 1198 1953 lapis

254 1949 273 2002 4
296 1949 448 2019 Vergilius
473 1949 548 2004 Aen.
572 1950 586 2004 I
610 1951 662 2003 244
690 1967 787 2022 rayno
818 1950 1035 2009 Liburnorum.
1064 1957 1208 2009 muneris·
1311 1992 1313 1999 ι

184 2020 348 2074 nouissime
370 2023 515 2076 transacti
542 2038 649 2076 recens
670 2024 815 2076 memoria
840 2025 1012 2079 uberiorem
1035 2027 1114 2079 hane
1134 2042 1199 2079 ora-

182 2093 297 2146 tionem
323 2094 478 2161 suggessit
601 2093 618 2147 8
641 2092 783 2148 Grannus
808 2095 882 2148 deus
908 2098 1069 2163 regionum
1093 2097 1198 2150 Rheno

183 2163 389 2216 adiacentium
413 2164 554 2218 salutaris
578 2170 608 2218 et
634 2165 767 2218 musicus
796 2168 940 2219 contusus
969 2182 1037 2220 curn
1060 2166 1199 2235 Apolline

182 2235 284 2288 cultus
308 2249 326 2286 a
347 2233 503 2288 Caracalla
517 2235 585 2300 (Dio
600 2234 631 2290 C.
642 2236 684 2302 ll,
699 2235 743 2301 15)
846 2235 944 2291 Marti
966 2235 1114 2291 Victoriae
1123 2236 1200 2292 Paci

185 2306 264 2358 inter
286 2305 345 2358 alia
369 2307 495 2359 numina
520 2308 642 2376 signum
667 2307 749 2361 dedit
770 2307 919 2361 Antistius
945 2306 1105 2363 Aduentus
1127 2310 1199 2363 item

183 2376 305 2446 legatus
324 2376 405 2446 Aug.
430 2378 461 2430 in
481 2376 644 2432 Germania
669 2380 813 2433 inferiore
837 2377 1018 2440 (Brambach
1037 2379 1091 2447 55),
1110 2379 1200 2450 genio

186 2445 299 2500 Martis
322 2448 430 2501 milites
449 2449 481 2501 in
504 2451 661 2518 superiore
685 2450 734 2516 (ib.
749 2449 817 2503 1611
843 2456 873 2502 et
896 2450 985 2516 1701).
1014 2451 1094 2504 idem
1117 2453 1200 2506 ualet

182 2517 247 2571 Lar
266 2517 369 2572 Martis
468 2519 485 2573 9
505 2517 582 2589 quin
601 2520 684 2574 dedit
702 2521 854 2589 Hauptius

667 2701 706 2763 21

185 2821 513 2917 Annaeus-Placidus
537 2823 670 2888 Herculi
694 2824 811 2889 donum
835 2824 921 2891 dedi.

260 2997 332 3052 CIL.
351 2999 393 3053 VI
414 2998 475 3066 271,
495 2999 607 3055 Gruter
625 3001 699 3068 44‚4
718 3000 862 3057 aSmetio
1025 3003 1147 3058 Romae.
1162 3005 1200 3057 ob

185 3071 331 3123 omissum
351 3085 539 3139 praenomen
553 3079 582 3125 ot
597 3072 687 3125 deum
700 3078 768 3143 post
781 3075 913 3143 positum
927 3081 957 3129 et
970 3075 1096 3145 primam
1113 3076 1201 3129 uerbi
1310 3126 1313 3150 ,

185 3142 316 3194 formam
338 3157 461 3195 carmen
479 3144 657 3196 meditatum

669 3325 712 3388 22

189 3443 311 3528 Argiue
334 3445 438 3511 uiator
461 3447 626 3531 Hercules,
651 3449 769 3514 donum
793 3450 855 3516 hoo
878 3451 937 3516 tibi

187 3553 328 3619 urbanus
352 3560 481 3639 praetor
505 3556 755 3623 Veldurnnianus
779 3557 898 3623 lunius.
