2644 3884
558 171 746 211 unxannrur
1107 156 1160 210 127

217 333 289 389 CIL.
308 334 436 389 1111998
535 334 711 388 Habitancii
730 333 946 388 Britannorum
965 335 998 387 in
1017 349 1071 388 ara
1090 333 1160 388 rudi

142 407 250 460 litteris
270 421 332 459 non
350 406 447 460 bonis.
475 405 550 459 Fabi
571 407 734 475 coniugem
747 406 779 459 id
793 410 838 459 est
851 407 980 460 fortasse
995 420 1082 459 suam
1095 406 1160 475 ipse

140 478 228 532 miles
248 477 328 530 hanc
347 491 433 530 aram
451 492 566 545 ponere
584 478 679 531 iussit.
713 477 895 546 imperitiam
914 476 1048 545 produnt
1068 477 1159 532 etiam

69 614 73 619 ,
140 545 262 603 somnio
282 548 403 617 (poetae
422 548 506 602 licuit
526 563 631 602 somno
650 549 784 602 scribere
804 548 880 601 conl.
893 546 940 617 Ly
966 548 1055 603 damo
1073 547 1159 616 4,12)

141 625 173 675 et
191 618 278 674 miles
298 620 451 689 spondeus
471 622 515 682 (ut
535 621 640 673 rustici
659 619 834 674 scribebant
851 563 964 686 111110οῗ

615 799 682 863 264

143 924 228 989 Vota
251 923 449 988 Fauentinus
472 923 522 989 bis
546 922 621 988 deni
638 922 780 1008 suscipit
804 924 900 1006 orbis,

142 1037 179 1096 ut
201 1036 321 1096 mactet
343 1035 492 1115 repetens
516 1036 629 1094 aurata
653 1029 758 1094 fronte
781 1030 938 1097 bicornes.

216 1206 287 1262 CIL.
307 1206 349 1260 VI
367 1206 421 1260 504
439 1205 499 1273 (Or.
519 1205 610 1268 2335).
647 1204 709 1258 AL.
729 1204 896 1259 Burmanni
914 1206 944 1258 II
963 1206 1024 1271 150,
1045 1204 1160 1275 Meyeri

141 1279 195 1333 831
303 1277 419 1331 Romae
437 1278 468 1330 in
481 1276 638 1331 Vaticano.
667 1278 823 1347 praecedit
842 1276 892 1331 dis
909 1276 1033 1347 mapale
1051 1276 1161 1346 leius

142 1347 298 1420 Epaatius
318 1346 511 1402 Fauentinus
534 1364 563 1401 u.
582 1364 605 1402 c.
626 1364 729 1418 uapor
750 1349 824 1417 pub.
839 1347 972 1417 mapali)
992 1351 1028 1403 R.
1050 1347 1161 1413 11111111-

96 1432 98 1437 “
143 1419 232 1484 tium)
252 1422 344 1489 pater
368 1421 395 1473 et
420 1417 599 1490 hieroceryae
624 1418 696 1487 (1(01)
716 1418 820 1484 Slolis)
844 1417 975 1484 ilauict')
996 1418 1160 1488 Mithrae),

143 1489 357 1546 orchibucolue
377 1488 427 1545 dei
445 1489 558 1559 Liberi,
584 1488 759 1560 liierofaata
778 1492 917 1557 Hecatae,
943 1489 1161 1546 ,1000νάοοΙεὶ-

144 1561 197 1617 dis
211 1564 354 1631 percepto
372 1560 542 1616 taurobolio
561 1560 734 1632 criobolioq.
755 1560 859 1617 idibus
874 1561 1022 1632 Aupastls
1039 1564 1089 1617 dd.
1107 1579 1160 1616 aa.

150 1635 269 1689 Valente
279 1635 355 1703 Aap.
371 1635 398 1688 V
407 1634 434 1687 et
448 1632 660 1688 Valentiniano
670 1634 746 1704 Aap.
761 1649 857 1688 consa.
869 1633 1001 1702 feliciter
1014 1649 1094 1688 anno
1108 1634 1161 1688 376

217 1707 232 1759 1
252 1707 270 1759 i.
289 1706 431 1758 uicenum
451 1720 601 1760 annorum
619 1705 669 1758 uel
687 1706 869 1771 uicennalia‚
890 1705 926 1760 ds
941 1706 1052 1774 quibus
1064 1706 1160 1759 nomi-

146 1777 237 1831 nibus
256 1776 328 1830 uide
347 1777 527 1845 interpretes
547 1776 805 1847 panegyricorum
818 1775 988 1830 Mamertini
1008 1792 1073 1845 cap.
1094 1777 1109 1829 1
1131 1780 1184 1830 et.

145 1847 269 1903 Nazarii
289 1862 353 1916 cap.
373 1847 398 1900 2.
427 1851 495 1916 post
513 1847 544 1900 id
563 1855 683 1916 tempus
705 1848 814 1901 iterum
832 1852 954 1901 taurum
974 1849 1161 1916 arietemque

146 1935 166 1972 a
185 1934 218 1973 se
236 1923 402 1972 mactatum
420 1918 457 1971 iri
476 1923 587 1987 sperat.
616 1919 660 1971 sic
670 1917 811 1972 Ceionius
820 1917 926 1972 Rufius
944 1934 971 1971 a.
990 1918 1044 1972 390
1063 1919 1094 1975 iu
1114 1934 1162 1973 ea-

148 1989 217 2044 dem
239 1990 367 2059 regione
387 1987 496 2043 iterato
520 1986 635 2059 aipiati
659 1987 752 2043 anais
777 1987 904 2058 conpletis
928 1988 1093 2044 taurobolii
1111 1988 1162 2044 sui

145 2077 236 2115 aram
257 2057 414 2116 constituit
433 2059 505 2115 CIL.
524 2060 565 2115 VI
584 2060 637 2115 512

622 2240 688 2305 265

145 2362 232 2430 Olim
254 2362 366 2429 Victor
389 2384 468 2429 auus
493 2363 582 2430 caelo
606 2363 742 2429 deuotus
766 2371 799 2428 et
822 2365 917 2429 astris

144 2471 249 2556 regali
272 2477 400 2557 sumptu
422 2471 587 2537 Phoebeia
610 2471 731 2556 templa
754 2470 886 2537 locauit.

145 2578 231 2644 hune
254 2584 384 2662 superat
406 2579 528 2663 pietate
550 2598 662 2663 nepae,
686 2579 737 2643 cui
760 2598 878 2643 nomen
902 2578 1023 2644 auitum
1047 2583 1105 2660 est,

146 2690 240 2750 antra
262 2684 341 2749 facit
365 2690 571 2770 sumptusque
595 2688 667 2750 tuos
690 2704 761 2768 nec,
784 2684 898 2767 Roma,
922 2683 1066 2768 requirit.

120 2791 265 2859 adamna
286 2791 350 2877 piis
372 2792 504 2856 meliora
527 2791 630 2857 lucro:
656 2791 726 2873 quis
749 2790 846 2856 ditior
869 2789 924 2855 illo
949 2798 998 2856 est

147 2900 202 2983 qui
226 2918 298 2963 cum
322 2896 484 2964 caelicolis
507 2891 624 2983 parcus
647 2898 731 2963 bona
755 2897 873 2963 diuidit
896 2897 1012 2963 heres?

219 3074 292 3130 CIL.
310 3074 352 3129 VI
370 3074 430 3143 754,
458 3074 585 3129 Henzen
610 3079 667 3129 act.
686 3076 754 3129 inst.
774 3074 925 3128 archaeol.
946 3073 1015 3128 1868
1034 3090 1063 3143 p.
1076 3074 1111 3128 90
1123 3089 1162 3128 ss.

145 3147 201 3202 ubi
227 3151 374 3216 cognatos
397 3145 468 3199 huic
493 3146 596 3201 titulos
619 3146 660 3199 ad
684 3148 810 3216 gentem
832 3145 961 3200 Victoris
986 3146 1163 3215 cultumque
1249 3152 1252 3155 ’

145 3218 276 3272 Mithrae
293 3217 463 3270 Romanum
489 3222 661 3285 spectantes
685 3217 855 3286 composuit
879 3217 1083 3285 probauitque
1101 3233 1163 3272 mo-

146 3291 325 3343 numentum
344 3290 424 3342 inter
443 3303 558 3341 annum
575 3288 629 3342 382
649 3288 749 3342 01392
769 3289 883 3341 factum
900 3302 973 3341 esse.
1006 3289 1087 3342 circa
1100 3303 1163 3342 car-

146 3375 217 3414 men
236 3361 382 3428 scriptum
400 3374 512 3413 nomen
531 3364 576 3414 est
599 3357 731 3413 Tameail
751 3356 895 3428 Aapeatii
916 3356 1051 3429 Olympii

219 3429 409 3485 2Pboebelo
436 3431 484 3484 dei
504 3429 581 3485 Solis
604 3432 710 3485 inuicti
729 3430 865 3497 Mithrae,
892 3431 942 3484 cui
967 3445 1045 3485 auus
1074 3432 1161 3500 regio

146 3506 271 3571 sumptu
289 3503 361 3556 fecit
381 3503 556 3569 sacrarium,
575 3517 672 3571 nepos
691 3516 746 3555 suo
860 3500 878 3554 4
895 3517 950 3556 aec
968 3502 1017 3556 hic
1039 3516 1163 3572 quoque

147 3573 320 3641 negationis
337 3574 400 3627 uim
418 3578 529 3643 auget:
557 3574 710 3642 publicam
733 3588 794 3642 qua
817 3588 895 3627 auus
919 3573 1098 3628 subleuatus
1117 3576 1162 3627 est
