2634 3892
542 153 730 193 nummum

133 299 306 367 aduentum
330 301 487 383 s(an)c(t)i
511 298 608 369 credo
631 299 774 384 gaudere
797 321 848 365 me
871 301 964 383 iuste,

133 409 230 474 seruii
254 407 417 474 mandatis
439 427 512 473 mea
534 408 576 472 ab
600 408 729 472 ineunte
753 413 871 473 aetate.

132 534 191 600 per
213 513 333 599 gradus
356 514 499 596 ascendi,
522 534 623 596 usque
646 514 708 579 hoc
730 513 889 598 presbiter
911 515 995 596 ueni,

95 648 124 688 1o
132 628 220 687 terra
242 622 385 704 marique
408 621 454 686 fui
478 627 601 685 tantum
624 641 682 706 pro
705 620 832 685 nomine
856 620 962 685 Cristi.

133 735 271 813 expecto
295 727 443 794 mercede
468 728 559 793 bonis
582 729 773 812 repromissa
797 727 966 809 caelorum,

133 855 287 902 annornm
310 834 544 918 quinquaginta
565 834 663 900 hodie
684 841 792 900 aetate
812 834 924 917 peregi

346 940 378 1006 d.
402 942 471 1005 IIII
493 940 537 1004 id.
562 940 650 1024 A[pr.

204 1066 339 1120 Fabretti
358 1064 419 1130 329,
437 1064 492 1118 484
591 1064 631 1116 ad
650 1065 732 1117 niam
748 1063 968 1117 Nomentanam

204 1139 222 1192 2
245 1137 345 1190 uoluit
367 1137 475 1204 opinor
498 1136 531 1187 in
553 1135 676 1188 nomine
698 1136 857 1203 uerboque
880 1136 989 1190 ludens
1010 1135 1151 1204 intellegi

131 1208 233 1265 uictor
254 1205 352 1276 defeci
375 1207 405 1259 Τ.
427 1205 556 1260 8111111
664 1205 737 1258 ban
757 1205 918 1261 redditur?
1024 1206 1078 1261 61.
1098 1222 1154 1260 ex·

132 1284 237 1350 pectat
256 1293 379 1332 causam
491 1278 508 1330 8
528 1278 565 1330 cf.
584 1276 682 1331 Plaut.
699 1279 766 1330 trin.
786 1277 838 1330 301

610 1403 673 1468 161

134 1514 251 1581 Omnia
274 1531 419 1595 quaeque
442 1510 534 1576 uides
557 1512 687 1596 proprio
710 1511 858 1594 quaesita
880 1510 1001 1593 labore,

134 1640 206 1686 cum
229 1619 307 1684 mihi
330 1618 458 1702 gentilis
481 1618 545 1681 iam
569 1616 688 1681 dudum
711 1619 779 1682 uita
802 1624 983 1701 maneret,-

134 1727 257 1793 institui
282 1725 414 1809 cupiens
439 1743 567 1789 censum
592 1743 786 1806 cognoscere
808 1723 928 1788 mundi.

134 1833 254 1898 iudicio
277 1838 350 1917 post
372 1830 473 1895 multa
496 1828 550 1894 dci
573 1830 705 1894 meliora
728 1836 856 1895 secutus

111 1938 328 2023 soontemptis
352 1938 465 2022 opibus
488 1936 586 2001 malui
611 1956 805 2019 cognoscere
829 1935 999 2001 Christum.

135 2046 217 2112 haec
240 2045 318 2110 mihi
342 2064 418 2110 cura
441 2043 510 2126 fuit,
535 2042 637 2108 nudos
660 2043 776 2108 uestire
799 2048 955 2127 petentes,

135 2152 269 2218 fundere
293 2152 487 2236 pauperibus
511 2149 667 2232 quidquid
691 2157 893 2216 concesserat
916 2170 1027 2233 annus,

135 2260 274 2346 psallere
297 2269 329 2324 et
352 2259 385 2324 in
408 2257 535 2343 populis
558 2257 645 2322 uolui
668 2257 852 2346 modulante
875 2257 1012 2342 profeta.

135 2369 184 2433 sic
206 2366 307 2432 merui
329 2367 457 2451 plebem
481 2365 600 2430 Christi
623 2365 760 2429 retinere
783 2363 944 2429 sacerdos.

99 2499 127 2539 10
135 2472 222 2537 hunc
243 2472 321 2536 mihi
346 2472 513 2557 conposuit
536 2471 688 2536 tumulum
711 2470 888 2555 Laurentia
911 2469 1028 2534 coniux

136 2580 278 2644 moribus
301 2586 378 2663 apta
400 2580 480 2644 meis
503 2598 629 2663 semper
650 2577 835 2643 ueneranda
857 2576 971 2642 tidelis.

136 2684 260 2750 inuidia
282 2685 394 2750 infelix
418 2684 548 2749 tandem
573 2704 755 2768 compressa
779 2683 923 2765 quiescit.

138 2790 306 2876 octoginta
328 2790 397 2856 Leo
421 2790 619 2856 transcendit
643 2792 811 2874 episcopus
834 2810 944 2855 annos.

209 2914 297 2969 Rossi
321 2916 410 2968 inscr.
435 2914 535 2968 christ.
554 2913 639 2966 Rom.
658 2912 748 2980 1192,
768 2913 803 2967 62
823 2917 853 2967 et
873 2912 932 2979 106,
951 2912 987 2966 48
1009 2929 1048 2967 ex
1073 2913 1156 2966 codi-

139 2988 225 3042 cibus
245 2987 386 3039 adhibitis
405 2986 563 3039 marmoris
581 2986 762 3054 fragmentis
785 2986 915 3053 quaein
934 2999 1010 3051 agro
1029 2984 1153 3038 Verano

136 3062 261 3128 reperta
279 3068 350 3111 sunt
369 3057 575 3126 temporisque
594 3061 683 3109 notas
702 3056 871 3125 adscriptas
890 3056 984 3108 fuisse
1009 3055 1065 3108 sub
1089 3069 1157 3107 181--

137 3132 219 3183 mine
245 3133 275 3183 et
300 3130 332 3181 in
355 3129 495 3197 margine
518 3127 607 3180 laeuo
628 3127 834 3190 ostenderunt,
852 3126 1009 3195 neglectas
1027 3126 1093 3179 illas
1112 3125 1153 3178 ab

139 3205 313 3269 exceptore,
334 3199 406 3254 bull.
426 3199 505 3252 crist.
526 3198 595 3252 1864
614 3214 642 3266 p.
657 3198 692 3252 55
712 3204 742 3252 et
761 3198 829 3251 1881
849 3214 878 3266 p.
890 3197 926 3250 34

211 3272 246 3325 12
264 3286 374 3325 uersus
393 3270 472 3323 idem
493 3270 599 3324 eodem
623 3271 642 3322 i.
663 3284 762 3338 paene
784 3270 890 3322 ultimo
914 3268 981 3321 loco
1004 3269 1036 3320 in
1059 3268 1157 3336 epitar

139 3343 210 3413 phio
222 3342 381 3410 Redempti
400 3342 512 3395 leuitas
528 3342 657 3394 fortasse
670 3340 854 3394 Damasiano
864 3339 952 3393 Rossi
963 3339 1035 3392 ibid.
1048 3337 1078 3391 ΙΙ
1091 3337 1156 3404 109,

139 3414 213 3468 6181
231 3415 305 3466 11α11
321 3410 385 3481 fuit
403 3410 536 3466 insontis
551 3410 626 3478 uita,
646 3412 774 3465 laudata
787 3409 939 3464 iuuentus.
967 3406 1156 3464 immediata

136 3482 218 3554 felioc
240 3485 364 3538 tandem
391 3498 556 3551 conpressa
580 3481 715 3552 quiescit.
752 3498 834 3537 1111111
858 3480 1028 3549 paradisus
1055 3480 1154 3546 babet,

139 3554 274 3624 sumpsit
293 3554 347 3624 qut
366 3569 404 3608 eac
422 3556 505 3609 hoste
523 3556 650 3622 tropaea
