2644 3884
147 122 183 177 98
608 136 701 177 mum

150 279 245 336 aedili
263 298 326 335 car.
347 278 449 335 seairo
469 279 627 352 caluitum)
641 284 677 337 R.
698 280 853 352 quaestori
871 283 937 336 arb.
956 278 1102 350 trimano)
1122 283 1167 336 la-

151 350 300 419 ticlauia)
323 350 475 421 irmionis)
496 353 515 405 I
535 351 731 421 Micamaiae)
750 352 846 423 puae)
867 350 996 421 f(idelis)
1020 353 1052 405 X
1072 351 1165 419 aimo)

150 422 305 488 stlitibus)
325 421 536 491 iadic(aadis),
557 424 679 478 habenti
699 440 787 493 quoq.
806 421 1042 491 salutatioatem)
1061 440 1165 478 secan-

149 496 222 549 dam
240 493 314 563 imp.
324 493 473 548 Antonini
485 495 561 564 Aap.
581 495 632 549 Pii
638 513 647 548 .·
667 494 801 549 Sabiaas
815 509 882 562 eqs,
902 497 1041 548 senarius
1060 497 1163 550 nescio

149 582 189 619 an
214 570 354 634 arreptus
375 581 412 619 ac
431 566 604 620 demutatus
630 567 667 620 sit
687 581 726 619 ex
754 566 887 620 carmine
911 567 1083 634 antiquiore
1113 567 1165 621 uel

149 637 311 707 ephymnio
332 637 418 704 (ἔρρει
436 639 472 690 τὰ
491 640 570 703 κᾶλα,
596 636 737 702 Μίνδαρος
757 636 884 689 ἀπεσσύα
902 638 934 689 in
953 621 1084 692 Laconis
1104 639 1164 708 epi·

149 708 237 774 stula,
257 709 348 762 ὤλετο
367 709 479 774 Δώριος
495 708 620 775 Ὀρφεύς
638 709 669 760 in
688 706 791 761 Bionis
815 706 979 777 epitaphio)

221 780 237 832 1
257 780 305 833 hic
319 784 443 849 praetor
462 779 625 848 plurimum
636 778 735 831 ualuit
755 781 809 830 aut
822 778 937 847 profuit
948 776 1061 847 formis
1074 779 1106 831 id
1119 784 1165 833 est

148 855 182 905 ut
201 855 275 921 puto
295 851 370 904 iuris
387 851 532 919 legumue
551 864 606 917 per
625 850 770 902 formulas
793 850 1000 903 constitutioni
1020 864 1056 903 ac
1075 865 1164 919 regu·

147 922 192 988 lis,
222 936 407 991 quamquam
431 924 530 989 potest
554 920 739 973 uocabulum
765 921 856 972 etiam
881 921 971 973 latius
994 925 1100 989 patere
1124 921 1164 973 ad

149 992 338 1062 disciplinam
362 992 448 1045 uelut
473 991 690 1043 admissionum
710 989 849 1045 Caesaris
873 997 903 1044 et
925 1006 1024 1045 mores
1048 1006 1164 1060 aequos

149 1065 271 1116 ciuium.
308 1063 381 1116 Pius
399 1060 486 1115 airas
506 1058 708 1130 aequissimos
728 1063 770 1115 ad
793 1059 1077 1116 administrandam
1099 1078 1165 1115 rem

143 1150 178 1204 ρ.
199 1148 348 1205 quaereas
363 1133 539 1200 (Eutropius
550 1131 620 1185 VIII
630 1131 657 1199 8)
677 1133 808 1187 fortasse
827 1133 895 1187 ideo
916 1149 986 1186 eum
1005 1133 1164 1202 adlegerat

147 1207 227 1259 inter
254 1206 367 1258 amicos
393 1203 553 1258 secundos,
597 1219 672 1273 ergo
696 1220 811 1274 maaria
833 1220 883 1258 res
908 1205 990 1269 (μέγα
1012 1221 1039 1257 τι
1062 1208 1164 1271 χρῆμα,

148 1276 305 1346 prouerbii
332 1276 399 1328 loco
426 1274 458 1327 id
480 1273 626 1328 Martialis
650 1275 763 1343 aliique
789 1275 906 1341 dixere)
934 1276 1038 1329 formis
1066 1276 1164 1345 periit.

148 1344 284 1401 Formiis
304 1361 374 1399 eum
396 1346 506 1398 obiisse
526 1343 646 1399 Grattius
671 1348 792 1415 putauit
925 1345 1018 1414 perid
1037 1347 1165 1400 iambus.

148 1432 200 1471 eas
220 1417 353 1486 syllabas
373 1416 444 1470 inde
463 1416 502 1470 ab
523 1414 639 1470 Seneca
660 1417 763 1470 solitas
784 1432 850 1470 esse
870 1417 1009 1471 contrahi
1029 1421 1147 1471 constat

626 1613 691 1677 208

149 1755 267 1822 Oculos
289 1755 432 1839 reposuit
455 1757 570 1819 statuis
594 1773 658 1837 qua
680 1753 722 1818 ad
745 1753 828 1818 trinit
852 1754 944 1818 bene.

220 1931 291 1986 CIL.
311 1931 352 1985 VI
371 1930 450 1996 9403,
477 1929 568 1984 Orelli
586 1930 658 1983 4994
758 1945 841 1983 nunc
858 1930 1039 1984 Florentiae.
1077 1946 1164 1999 prae-

148 2004 293 2072 scriptum
317 2002 358 2055 M.
378 2000 524 2069 Rapilias
543 2000 672 2070 Serapio
696 1999 745 2055 tio
768 2003 805 2056 ab
831 2017 889 2054 ara
912 2004 1106 2066 marmor(ea)
1129 2006 1164 2055 ut

147 2074 285 2127 Romana
305 2073 384 2127 tituli
404 2074 490 2142 origo
510 2077 615 2142 pateat
636 2072 720 2137 (CIL.
733 2072 775 2126 Vl
788 2072 887 2135 10090)
988 2078 1102 2141 puncto
1123 2073 1165 2125 di-

147 2146 218 2199 uisa
235 2161 298 2215 aaa
317 2145 366 2211 ad,
388 2150 454 2197 orta
474 2159 514 2197 ex
533 2145 618 2213 quad
637 2144 741 2213 quoad
761 2150 795 2199 ut
814 2142 921 2197 amima
939 2143 1099 2197 aduertere

625 2323 691 2386 209

219 2465 340 2533 poetica
360 2463 512 2531 quaedam
531 2462 704 2516 rudimenta
715 2460 806 2516 Gauii
825 2461 925 2516 Idonii
944 2462 1049 2517 titulus
1070 2468 1167 2518 osten-

149 2536 193 2588 dit
212 2534 407 2589 Corfiniensis
427 2532 499 2588 CIL.
518 2533 562 2586 IX
578 2534 649 2587 3193
675 2531 729 2602 qai
754 2531 893 2587 caliculis
918 2534 993 2587 laria
1011 2533 1167 2603 pelliculis

148 2606 247 2660 uitam
265 2603 408 2659 toleraait
426 2620 532 2659 suam:
551 2607 585 2658 ia
605 2603 659 2674 qai
677 2603 753 2673 lepis
772 2604 842 2658 cale
861 2606 888 2659 ai
906 2621 976 2660 cam
993 2607 1077 2660 uoles
1098 2605 1168 2674 [ae]-

148 2675 222 2731 aiio,
250 2677 282 2730 in
300 2681 402 2730 mente
421 2677 561 2744 scriptori
579 2676 640 2729 tale
660 2680 725 2729 erat
745 2691 868 2729 carmen

248 2746 297 2801 hio
317 2749 446 2816 quaesta
464 2747 588 2800 honesto
606 2744 706 2800 uitam
724 2745 868 2801 toleraait
886 2763 1003 2815 suam.

251 2820 285 2871 ta
304 2816 358 2888 qai
377 2816 453 2888 lepis
471 2818 541 2872 aale
560 2819 588 2870 ct
605 2817 708 2872 accito
727 2835 796 2873 cum
814 2820 898 2873 uoles

627 2997 693 3060 210

148 3142 186 3206 Ρ.
211 3138 304 3206 Clodi
327 3139 458 3204 Pulchri
478 3136 483 3226 Ι
503 3140 633 3221 lliberti)

148 3247 267 3313 Felicis
287 3250 291 3325 l
312 3266 437 3331 semper
461 3247 515 3329 qui
538 3247 599 3311 fuit
619 3245 623 3333 Ι
645 3246 747 3312 dulcis
771 3247 865 3312 sucis.
887 3244 891 3332 l

148 3354 250 3436 u(iua)
276 3352 390 3420 Clodia
413 3353 503 3420 Pulc.
527 3355 548 3419 l.
574 3354 741 3420 Athenais.

221 3531 294 3587 CIL.
304 3531 345 3586 VI
357 3531 452 3600 15735,
472 3532 569 3587 Ι1043
589 3532 684 3586 descr.
694 3531 861 3587 Mommsen
959 3531 1082 3600 Romae,
1102 3534 1168 3585 tum
