2644 3884
617 129 707 170 IAMBI

349 276 399 341 ssi
421 296 536 342 nemen
560 297 683 361 queres,
708 277 762 360 qui
784 278 884 361 leges,

366 403 507 449 mensem
531 385 668 469 priorem
694 386 813 468 cogita.

366 491 394 556 si
418 491 472 574 qui
495 492 639 557 fecerunt
663 492 814 574 queritas
915 571 917 574 y

368 605 518 683 parentes
541 597 620 683 dixi,
645 598 772 663 sufficit.

225 757 296 813 CIL.
315 757 344 811 X
362 757 440 825 4183,
461 758 530 810 add.
550 774 578 827 p.
593 758 645 812 97ss
665 759 760 812 deser.
780 758 967 824 Boissevain‚
988 775 1169 830 acceperam

152 846 172 884 a
190 830 376 885 Mommseno
477 830 509 882 in
532 845 608 898 agro
625 830 824 898 Neapolitano
845 846 940 899 prope
951 830 1106 885 Casertam
1124 833 1167 884 in-

151 907 287 956 uentum.
315 902 486 955 litteratura
499 900 583 954 rudis
596 901 780 969 intimaeque
793 903 909 955 aetatis.
937 902 1033 955 latina
1045 903 1171 956 lieentia

153 972 308 1097 spondeus
327 973 359 1025 in
378 973 486 1041 pedem
507 972 635 1026 alterum
654 973 804 1026 admissus
823 972 884 1026 ul
901 973 947 1029 57
964 972 989 1040 8,
1009 978 1094 1027 tanto
1108 989 1171 1027 me·

164 1060 211 1098 ror
231 1059 338 1098 sensus

224 1115 309 1169 luat
321 1114 378 1168 fuit
391 1116 422 1168 in
435 1115 614 1183 apographo
628 1115 711 1168 unde
725 1112 791 1168 dati
805 1116 1003 1182 coniecerarn,
1022 1115 1076 1169 sed
1091 1115 1169 1168 datu

152 1187 267 1310 lapitsi.
288 1186 391 1239 datum
477 1186 670 1255 tcompara
659 1187 767 1241 iuoe
756 1186 968 1254 teuperlatiuo
988 1186 1089 1256 gradu
1102 1201 1171 1255 per
1196 1215 1200 1222 ·

152 1262 237 1311 muta
238 1257 492 1311 toMommsenus
517 1264 599 1311 reete
623 1273 665 1326 pu
667 1262 711 1310 tat
734 1258 906 1327 praedicari
929 1273 1040 1312 nomen
1059 1258 1167 1311 lanua-

151 1328 392 1398 rium,qu0d1n
413 1329 451 1381 ist
452 1329 477 1380 is
496 1344 549 1397 reg
533 1330 675 1382 oionibus
694 1329 835 1397 frequent
824 1330 956 1382 t.abatur
985 1330 1170 1409 chronogra

152 1400 231 1479 phus
251 1415 277 1453 a.
296 1398 375 1452 334
368 1414 399 1451 ιιι
418 1400 544 1467 regibus
564 1398 707 1453 Romanis
729 1399 804 1453 solet
824 1400 925 1454 dicere
945 1399 994 1454 hic
1010 1398 1103 1468 prior
1122 1399 1167 1453 in-

150 1468 251 1594 iim
294 1546 306 1594 t
372 1470 550 1537 Sparentes
568 1471 653 1540 lapis,
676 1486 739 1524 non
754 1473 921 1538 parentum
941 1472 1023 1540 quod
1043 1487 1082 1525 ex
1101 1486 1130 1524 u.
1150 1470 1172 1523 2

174 1555 292 1595 nxeran

629 1632 694 1695 223

366 1755 428 1821 Hic
452 1755 648 1821 {leudefredi
674 1756 803 1822 condita
826 1752 830 1759 ’

365 1864 508 1928 membra
532 1862 700 1945 quiescunt
724 1863 824 1947 arida,

367 1970 457 2036 euius
481 1970 571 2054 erige
595 1969 720 2054 fulgida

367 2076 478 2159 br]ebe
502 2076 627 2142 refulsit
650 2077 770 2141 inclita.

344 2183 434 2266 sillle
457 2184 575 2249 subluit
598 2183 711 2247 funera

426 2339 433 2354 .
482 2339 489 2353 .
520 2289 638 2353 senties

480 2446 487 2460 .
549 2415 645 2479 super
705 2443 712 2459 .

224 2680 372 2733 Huebner
395 2680 484 2732 inser.
509 2678 593 2747 Hisp.
619 2679 719 2732 christ.
746 2679 806 2747 132,
839 2680 935 2735 deser.
960 2687 990 2735 et
1015 2680 1171 2750 suppleuit

152 2751 307 2819 Berlanga
414 2766 476 2803 non
496 2751 604 2819 procul
623 2766 641 2803 a
661 2750 804 2805 Corduba
910 2752 998 2806 titulo
1018 2760 1087 2821 post
1105 2765 1170 2804 sae·

155 2822 257 2876 culum
281 2825 401 2875 sextum
421 2822 502 2875 facto
527 2826 629 2875 tamen
648 2821 748 2874 locum
769 2822 839 2876 dedi
858 2829 983 2892 propter
1002 2822 1171 2892 inscriptio·

154 2909 228 2947 num
246 2892 352 2945 talium
375 2894 531 2946 raritatem

226 2964 242 3018 6
261 2979 277 3017 s
299 2961 393 3018 catice
418 2964 517 3017 diuisa
540 2965 682 3019 feruntur
801 2965 950 3033 lespera
969 2970 1003 3019 ut
1023 2967 1171 3018 consonet

152 3050 263 3089 uersus
282 3036 330 3088 hie
350 3050 419 3089 cum
437 3035 463 3101 5,
483 3051 523 3089 an
542 3051 667 3104 superes
686 3052 741 3106 pro
762 3035 906 3105 superis?

630 3198 697 3261 224

227 3320 298 3375 Cart
287 3321 486 3400 thaginiensis
497 3321 690 3391 Hispaniaet
678 3322 783 3376 titulus
794 3320 866 3376 CIL.
877 3320 906 3374 Il
916 3320 987 3374 3493
997 3321 1039 3373 Μ.
1052 3317 1172 3388 Oppius

152 3392 199 3446 M
217 3393 242 3461 f.
260 3389 375 3461 foreste
394 3408 448 3447 ars
462 3395 514 3451 lu'c
533 3396 577 3448 est
596 3392 636 3448 sit
638 3410 665 3461 a,
683 3394 734 3463 flet
753 3391 860 3448 titulus
879 3407 910 3447 se
929 3391 1067 3446 relictum
1081 3392 1172 3445 dime-

154 3470 235 3518 trum
261 3463 384 3532 quidem
408 3465 571 3519 iambicum
595 3466 710 3519 bonum
735 3465 834 3531 habet,
866 3464 1043 3518 meditatum
1068 3468 1171 3516 tamen

156 3551 281 3590 carmen
299 3551 362 3589 non
381 3536 460 3590 arbit
449 3541 521 3606 tror,
546 3538 618 3605 quia
642 3535 769 3606 simplex
788 3542 841 3606 pat
842 3536 910 3590 reni
928 3537 1039 3589 mortui
1059 3548 1172 3589 nomen
