2634 3892
552 158 741 197 Huxnmmum

144 307 209 372 iarn
232 306 343 372 titulus
365 325 448 371 nono
471 305 605 371 uixdum
628 304 836 370 lacrimabilis
859 324 953 386 anno,

144 419 221 478 nata
245 413 301 477 diu
325 412 428 478 dulcis
452 418 484 478 et
506 412 594 496 longi
617 412 734 496 pignus
758 411 884 476 amoris.

146 521 215 585 uita
237 521 354 602 breuis,
378 520 436 586 sed
458 540 542 585 nunc
565 518 639 585 istie
662 519 846 601 iam‘longa
869 523 1036 602 parentum

123 627 289 692 auulnera.
335 628 459 695 Nereus
482 628 608 711 genitor
631 626 842 709 genetrixque
866 624 984 689 funesti

147 732 296 798 Sofronia
319 734 471 798 breuibus
494 732 606 797 tumuli
629 730 746 797 fleuere
770 732 929 813 querellis.

146 846 181 904 tu
204 845 312 905 tamen
335 839 410 905 hinc
433 859 527 925 spera
552 839 676 904 caelum
698 839 753 922 pia
775 845 891 920 mente,
915 838 1028 903 fidelis.

218 1015 290 1071 CIL.
310 1015 354 1069 111
373 1016 470 1086 suppl.
490 1016 561 1069 9610
581 1015 676 1069 deser.
695 1003 867 1069 Hirschfeld
981 1016 1013 1068 in
1033 1015 1159 1068 basilica

146 1085 324 1142 Salonitana
351 1089 383 1141 in
408 1087 599 1156 sarcophago
625 1088 711 1140 cuius
735 1087 910 1157 operculum
934 1087 990 1140 sub
1013 1087 1159 1154 protomis
1260 1106 1263 1111 ·

145 1159 344 1213 muliebribus
372 1159 485 1227 scripta
513 1157 605 1211 habet
632 1159 770 1225 deposito
791 1157 935 1211 Petronia
958 1155 1007 1211 die
1032 1157 1084 1209 Ill
1099 1157 1158 1210 lcal.

145 1230 223 1298 Any.
243 1235 272 1283 et
291 1228 431 1297 deposita
449 1227 599 1297 Sofronio
619 1228 667 1283 die
686 1230 753 1284 XII
768 1230 827 1284 lral.
847 1230 914 1295 lul,
932 1231 999 1298 ipsa
1018 1243 1090 1281 arca
1109 1228 1159 1280 ha·

145 1301 198 1353 bet
218 1298 375 1368 depositus
393 1300 512 1354 Nereus
531 1298 581 1353 dic
599 1301 635 1352 Π
649 1302 910 1370 nonuunquam,
938 1305 1002 1353 turn
1028 1314 1158 1353 carmen.

146 1374 215 1440 post
234 1376 360 1424 mortem
380 1376 539 1440 parentum
555 1374 753 1441 compositum
768 1387 834 1427 esse
852 1371 971 1425 titulum
992 1386 1060 1424 cum
1079 1370 1159 1423 filiae

145 1449 210 1495 turn
229 1442 301 1510 ipsis
321 1442 499 1511 parentibus
518 1444 599 1496 intra
618 1445 713 1499 breue
732 1450 851 1514 tempus
864 1443 991 1496 mortuis
1008 1443 1056 1504 (cf.
1067 1441 1084 1494 6
1097 1441 1159 1494 bre·

145 1511 248 1576 uibus)
272 1514 389 1566 monuit
407 1513 619 1568 Mommsenus.
656 1518 707 1583 qui
732 1522 869 1570 extrema
894 1513 939 1567 de.
958 1528 1012 1582 spe
1036 1512 1158 1566 caelesti

144 1583 241 1637 uerba
260 1583 423 1637 Petu-oniae
442 1586 630 1653 mortuisque
650 1587 731 1641 dicta
752 1586 880 1657 singulis
899 1590 994 1655 putat,
1024 1599 1083 1654 ego
1107 1598 1159 1652 po-

144 1656 204 1708 tius
223 1656 255 1708 in
275 1655 514 1709 cohortationem
532 1656 700 1725 legentium
718 1658 851 1712 fidelium

216 1726 233 1780 3
252 1724 366 1795 Vergili
387 1726 523 1780 clausula
543 1728 579 1780 cf.
594 1728 648 1781 360
725 1730 742 1783 5
762 1729 850 1798 quasi
868 1728 1007 1781 Neraeua
1026 1740 1159 1795 pronun-

145 1798 240 1851 tiatur
259 1796 361 1862 (GLK.
379 1796 420 1850 VI
437 1814 466 1866 p.
478 1797 522 1861 67)

618 1907 680 1972 751

145 2029 209 2093 Hic
232 2030 340 2113 puella
362 2031 448 2095 iacet
470 2030 593 2115 pr·[imis
617 2032 681 2097 cito
705 2031 810 2116 raplta
833 2031 891 2096 sub
915 2031 1008 2095 annis

146 2134 248 2201 Siluia
272 2135 425 2219 [materno
449 2137 618 2220 reuoluans
641 2138 673 2201 in
697 2137 823 2202 nomine
846 2135 949 2218 fletus,

147 2241 241 2325 [quae
264 2241 377 2327 uitam]
401 2264 459 2328 pro
481 2252 583 2309 morte
607 2246 680 2309 tulit
702 2243 840 2329 ne[q]u[e
864 2244 1003 2307 Tartara
1026 2239 1134 2324 foeda]

145 2348 228 2413 uidit
253 2356 285 2414 et
309 2348 352 2413 ad
376 2348 478 2415 dulcis
502 2349 681 2436 [paradisos
703 2350 799 2434 nune]
824 2349 962 2432 aditulra

120 2453 191 2538 aut]
215 2455 413 2539 speraueralt
483 2507 490 2522 .

145 2559 278 2642 oeclidit
301 2561 426 2645 i]nielix
449 2565 591 2647 serulans
614 2564 648 2628 in
671 2564 801 2630 saecula
823 2563 950 2646 n]omen

146 2686 208 2749 que
255 2716 262 2732 .
323 2671 334 2732 ’.
397 2719 405 2734 .
451 2691 494 2735 na
517 2671 627 2735 iubent
667 2720 674 2735 .
731 2719 739 2735 .
796 2718 803 2733 .
841 2671 964 2735 beatos.

218 2825 290 2881 CIL.
309 2826 353 2880 III
372 2828 469 2898 suppl.
489 2829 559 2883 9613
581 2830 708 2882 contulit
726 2827 897 2882 Hirschfeld
991 2827 1108 2883 Salonis
1127 2828 1158 2879 in
1182 2821 1185 2826 ’

144 2897 271 2952 basilica
386 2900 539 2968 suppleuit
557 2900 682 2954 Rossius
701 2901 746 2954 1-3
764 2902 827 2953 init.
848 2904 878 2953 et
896 2899 921 2966 6,
940 2898 1045 2952 addidi
1064 2900 1159 2952 incer·
1187 2954 1189 2959 s

144 2971 223 3023 tiore
243 2970 332 3023 etiam
353 2971 563 3039 supplementa
582 2972 599 3025 3
618 2987 665 3026 ex.
685 2977 715 3026 et
733 2971 788 3025 ab
807 2975 841 3024 ut
860 2970 1074 3024 adumbrarem
1094 2984 1159 3022 seu·

144 3042 271 3094 tentiam
290 3056 503 3110 numerosque,
523 3058 706 3111 quamquam
726 3042 848 3111 plenum
868 3042 1078 3094 hexametrum
1096 3055 1159 3093 non

146 3113 226 3180 capit
245 3112 356 3165 lacuna
374 3112 435 3166 u.5
454 3128 621 3182 eorumque
642 3129 721 3182 quae
739 3113 799 3167 u.3
819 3114 976 3181 excipiunt
993 3114 1159 3166 uerborum

144 3182 176 3235 in
196 3197 305 3237 uersus
325 3182 496 3238 distributio
516 3185 662 3254 ambigua
682 3190 727 3239 est

215 3254 232 3308 7
247 3269 327 3323 quae
340 3257 476 3324 praemia
490 3256 603 3309 habere
617 3256 720 3309 diuina
734 3257 841 3309 iubent
854 3259 1019 3324 praecepta
1031 3251 1158 3308 beatos?

617 3416 680 3481 752

143 3538 177 3601 in
199 3538 303 3604 lucem
326 3539 510 3624 polstquam
534 3539 578 3624 [te
600 3541 685 3606 fudit
708 3541 794 3606 celsa
817 3540 978 3625 n]oluntas
