2644 3884
174 131 211 185 96
637 145 728 185 muer

175 294 306 364 probum
325 292 406 347 hunc
425 292 578 347 senarium
598 292 744 360 antiquae
766 291 888 360 quidem
913 291 989 347 ollae
1012 294 1192 364 inscriptum

176 380 243 419 esse
262 365 315 418 sed
334 365 450 418 recenti
469 363 569 417 studio
589 362 757 417 sacerdotis
778 363 936 416 cuiusdam
955 362 1062 419 Gallici
1085 369 1193 418 narrat

175 434 315 491 Beissieu
332 436 421 489 inscr.
432 433 575 503 Lugdun.
589 450 617 504 p.
631 433 674 488 99.
703 435 790 488 cuius
810 434 960 488 sententia
979 436 1098 504 siquam
1117 436 1194 491 reci-

176 509 220 578 pit
239 508 486 574 controuersiam,
506 506 680 574 antiquitati
698 506 842 559 conuenit
853 503 968 560 'Seueri

651 684 714 749 201

175 811 312 865 senarios
332 809 455 879 quidem
472 809 589 862 faciunt
609 809 766 862 cautiones
785 808 969 878 sepulcrales
986 807 1194 865 01L.V14410

210 880 282 935 huic
300 881 492 936 monumento
510 877 667 934 asininum
685 877 818 949 aplicari
835 895 898 934 non
917 878 985 934 iicet

175 959 205 1007 et
225 952 298 1007 Gori
317 955 406 1006 inscr.
426 951 486 1004 Etr.
506 950 521 1003 I
538 950 598 1015 427,
618 950 671 1004 297

211 1024 253 1078 ad
271 1025 348 1089 b(oc)
367 1025 617 1087 monumentum)
635 1020 813 1089 marinum)
830 1020 928 1091 slieri)
947 1022 1032 1088 mon)
1052 1021 1140 1087 ilicet)

174 1111 283 1150 uerum
303 1110 321 1147 a
340 1092 623 1164 poetice-uidentur
641 1094 768 1148 alienae.
797 1098 827 1147 et
846 1095 921 1147 alias
934 1094 1099 1147 intertexta
1117 1095 1191 1147 iam·

175 1168 221 1221 bis
240 1167 353 1235 legitur
374 1166 471 1219 oratio
489 1170 525 1217 ut
534 1164 670 1219 Viniciae
689 1165 831 1219 Donatae
841 1164 953 1221 Gruter
972 1165 1077 1233 1001,5
1094 1180 1191 1219 mace

174 1237 257 1293 mam
276 1234 366 1291 clusit
385 1236 501 1290 circum
518 1234 737 1290 monimentum
757 1252 844 1291 suom

650 1415 716 1479 202

295 1589 301 1604 .
413 1588 420 1604 .
530 1540 616 1604 ‚ium
640 1560 660 1603 a
682 1539 869 1624 parentibus

412 1695 419 1709 .
529 1666 547 1711 ο
571 1645 677 1729 adque
700 1647 879 1711 arbusculis

410 1804 417 1818 .
527 1773 563 1819 as
585 1759 754 1839 perpetuet
778 1752 916 1818 domum.

245 1930 317 1986 CIL.
336 1930 394 1984 XII
412 1931 466 1986 578
484 1947 524 1986 ex
534 1931 658 1985 Ruardo
679 1933 730 2000 qui
749 1932 847 1986 bonas
865 1932 960 1985 fuisse
979 1930 1095 1986 litteras
1113 1933 1189 2001 lapi-

173 2003 219 2057 dis
238 2004 363 2057 tradidit
462 2003 558 2072 Aquis
578 2000 697 2057 Sextiia.
724 2003 857 2057 ‘uidene
876 2018 982 2056 recens
1002 2003 1047 2056 sit'
1066 2004 1188 2058 Hirsch-

172 2075 243 2129 feld.
279 2075 333 2129 sed
355 2074 476 2129 iambici
500 2075 618 2128 numeri
642 2089 718 2142 quos
738 2089 827 2128 nemo
847 2074 984 2144 agnouit,
1003 2089 1042 2127 ne
1061 2074 1187 2129 Rouard

173 2146 295 2214 quidem
315 2161 384 2199 cum
401 2161 431 2199 u.
450 2146 467 2200 3
483 2143 617 2215 felicitas
636 2145 837 2215 proposuerit,
865 2146 896 2198 in
916 2146 1100 2198 contrariam
1119 2161 1187 2215 par-

171 2224 233 2271 tem
251 2217 356 2271 ualent
490 2218 607 2286 accepit
626 2215 705 2270 filius
724 2220 778 2269 aut
796 2215 858 2268 filia
876 2220 1106 2269 monumentum
1125 2217 1189 2270 exi-

172 2289 265 2342 mium
284 2285 501 2356 aparentibus
520 2292 659 2342 ornatum
680 2286 800 2340 hortulo
823 2288 856 2340 ai
877 2301 914 2339 ue
937 2285 1119 2352 arbusculis,
1143 2302 1185 2340 se-

172 2375 247 2413 cura
258 2374 351 2429 qaam
356 2358 524 2428 posteritas
530 2360 689 2427 perpetuet
699 2358 831 2419 domum.
882 2372 955 2411 ense
968 2357 1077 2412 suadet
1082 2356 1188 2426 pictas

646 2536 712 2601 203

171 2678 305 2757 Qualem
327 2687 501 2765 paupertas
524 2680 638 2765 potuit,
662 2680 847 2745 memoriam
871 2678 958 2745 dedi.

242 2855 314 2911 CIL.
326 2856 384 2910 XII
398 2856 467 2911 1036
487 2857 583 2911 deser.
593 2857 764 2912 Hirschfeld
865 2855 1185 2927 propeAuennienem

170 2928 277 2982 litteris
292 2929 412 3009 magnis
425 2927 539 2983 saeculi
557 2929 645 2983 tertii.
669 2930 825 2999 praecedit
837 2926 976 2997 Oupiiiac
987 2926 1187 2983 florentinae

169 2997 295 3124 mulsi
312 3014 387 3068 piae
410 3001 438 3052 ct
460 3001 561 3053 casiae
579 2999 749 3055 Ianuarius
773 2999 938 3082 lfrjimiiius
961 2999 1102 3053 maritus.
1140 3000 1184 3053 sic

171 3069 243 3124 CIL.
305 3070 377 3125 4018
396 3070 519 3125 additur
537 3070 625 3126 titulo
641 3087 702 3141 pro
720 3074 839 3126 meritis
855 3086 979 3140 parum,
1000 3085 1062 3138 pro
1086 3070 1185 3139 facab

169 3140 230 3194 idle
249 3139 326 3196 satis
345 3146 375 3196 et
398 3143 470 3196 ibid.
489 3142 561 3196 4020
584 3141 613 3196 si
632 3142 733 3197 maior
751 3141 919 3197 auctoritas
933 3139 1106 3210 patrimoni
1123 3137 1185 3194 mei

166 3210 287 3281 fuisset,
297 3210 443 3282 ampliori
453 3212 551 3282 titullo
561 3213 599 3283 tle
604 3216 787 3283 prosecutus
795 3212 934 3283 fuissem,
940 3210 1083 3281 piissime
1091 3214 1187 3282 pater

644 3395 711 3460 204

169 3533 203 3600 Si
228 3556 286 3620 pro
309 3537 428 3604 uirtute
453 3545 486 3604 et
509 3539 615 3605 animo
639 3538 799 3604 fortunam
822 3536 1015 3623 habuissem,
