2650 3882
592 129 731 169 Ducum

631 277 695 341 461

155 400 299 466 Suetrius
323 401 458 466 Hermes
481 399 534 466 hic
558 401 638 466 situs
661 407 719 483 est,
745 401 796 466 cui
819 401 931 467 Tertia
956 401 1095 466 coniunx

154 528 243 571 aram
267 508 431 572 constituit
455 507 552 591 digno
576 508 753 589 meritoque
775 508 900 590 marito,

154 634 225 679 cum
249 634 312 697 quo
336 612 528 680 concordem
550 615 651 679 uitam
674 614 854 697 multosque
877 635 934 699 per
958 635 1058 681 annos

154 722 236 785 uixit
260 728 294 787 61
318 727 428 786 tenero
452 723 571 802 casu(s)
596 721 700 786 solata
723 722 838 787 marito
862 729 921 804 661,

131 827 196 893 sde
220 829 311 893 cuius
334 828 422 892 sama
444 828 535 892 multi
560 847 632 892 cum
654 825 750 892 laude
775 828 930 910 locuntur,

154 933 240 1017 quod
263 934 360 1000 fuerit
384 935 486 1000 cultor
509 933 630 999 domini
654 953 824 1016 rerumque
848 940 880 999 et
903 940 1036 1001 amator.

153 1048 188 1106 tu
212 1041 266 1124 qui
314 1090 924 1106 .......

225 1200 360 1254 Fabretti
381 1199 441 1266 165,
461 1201 514 1254 300
541 1199 737 1266 nonianus
766 1199 902 1254 Henneni
930 1201 1068 1255 schedae.
1106 1200 1170 1254 AL.

154 1271 321 1325 Burmanni
346 1271 467 1337 111217,
495 1270 610 1339 Meyeri
629 1270 699 1325 1325
728 1286 858 1339 quorum
882 1276 1013 1341 uterque
1037 1273 1169 1326 christia-

153 1359 224 1396 nam
244 1344 471 1411 inscriptionem
491 1342 676 1396 existimauit
695 1340 814 1397 domiai
835 1343 988 1398 uocabulo
1013 1346 1052 1407 (6.
1072 1344 1099 1407 6)
1119 1343 1169 1397 de-

155 1418 270 1483 ceptus.
298 1414 327 1466 d.
343 1413 384 1466 M.
404 1413 673 1482 praescriptionem
693 1412 811 1468 Donius
830 1414 955 1467 tradidit
1054 1414 1169 1469 Romae

154 1486 186 1538 iu
205 1485 333 1538 aedibus
352 1483 524 1538 Cassiuellis

225 1554 457 1609 3666666166
479 1554 568 1608 Fabr.
596 1555 708 1624 aliique
733 1553 948 1618 (concordiam
967 1554 1085 1611 Gudius
1103 1560 1169 1621 ms.)

154 1631 190 1680 61
207 1626 385 1680 concordem
408 1626 496 1681 docto
517 1625 704 1679 emendatori
728 1626 871 1681 uideatur
896 1628 1009 1692 deberi,
1038 1628 1075 1680 cf.
1096 1625 1167 1682 CIL.

154 1697 225 1752 VIII
236 1697 308 1750 8530
326 1713 395 1751 oum
408 1695 548 1752 omnibus
567 1695 750 1752 concordius
769 1713 815 1753 me
834 1696 909 1752 uiuo
926 1697 988 1767 feci
1008 1703 1037 1753 et
1056 1714 1166 1753 nomen

153 1770 312 1838 proprium
327 1767 514 1823 Concordiae
596 1765 708 1822 46661
726 1770 853 1838 spondei
873 1769 973 1823 locum
992 1773 1082 1824 16661.
1111 1770 1169 1822 heo

153 1839 247 1894 inseri
267 1840 364 1893 uoluit
377 1839 571 1893 Burmannus
653 1840 860 1894 6666666616
880 1841 1007 1894 conieci:
1027 1840 1167 1895 casasola

155 1909 282 1977 Gudius,
312 1912 455 1965 66666616
473 1910 646 1965 Fabrettius
669 1912 761 1972 (idern
784 1912 815 1964 in
836 1913 975 1980 margIne
1001 1916 1031 1966 61
1049 1911 1167 1965 Donius

155 1982 238 2062 quod
250 1982 344 2051 uolgo
358 1988 514 2052 receptum
529 1982 761 2050 661666166616),
776 1997 884 2037 casoco
886 2023 928 2035 .....
942 1981 1082 2052 Sponius.
1100 1998 1167 2036 con·

154 2054 260 2107 cuncta
278 2052 471 2107 Burmannus
491 2058 627 2122 patruus,
646 2051 780 2122 spoliata
798 2055 883 2123 prius
901 2068 959 2124 ego
979 2055 1124 2123 proposui

190 2124 207 2177 6
225 2123 351 2194 uerique
365 2123 559 2178 Burmannus
573 2125 629 2178 6161
648 2122 807 2178 dominam
820 2139 909 2193 posse
925 2128 1087 2194 patronum
1100 2139 1166 2178 esse

154 2210 217 2249 non
232 2196 388 2264 ignorauit
494 2195 626 2249 ifracto
642 2195 744 2264 lapide
763 2197 881 2264 pertere
894 2201 1004 2249 cetera.
1033 2197 1066 2249 16
1085 2193 1168 2265 quis·

155 2264 225 2336 quis
245 2265 411 2335 1691611666
431 2266 635 2320 6661616616
654 2281 718 2320 6666
736 2268 882 2322 memento
901 2266 1094 2320 Burmannus
1116 2266 1168 2319 ad·

155 2338 275 2406 sempsit

630 2428 695 2493 462

154 2552 217 2616 Η16
240 2551 332 2635 sit[us
356 2551 414 2635 est]
441 2600 448 2616 .
474 2601 481 2617 .
505 2551 517 2616 i
540 2572 593 2617 mu
618 2601 626 2616 .
652 2602 658 2618 .
685 2601 692 2617 .
716 2553 820 2638 prima
842 2552 974 2619 iuuenta
996 2551 1057 2616 fuit
1081 2600 1088 2615 .
1114 2600 1122 2614 .

155 2656 232 2722 dum
254 2657 361 2723 uarias
386 2658 474 2742 cupit
496 2658 645 2743 66661166]
668 2679 777 2726 museo
800 2659 900 2744 figere
923 2660 957 2724 in
979 2658 1045 2724 alto

155 2762 277 2828 decidit
301 2771 333 2828 et
355 2765 492 2830 Hermas
515 2765 578 2831 hoc
600 2786 685 2831 nunc
708 2773 757 2831 est
779 2766 922 2851 pondere
946 2766 1073 2832 clausus

155 2876 334 2953 aetemasq.
359 2871 507 2937 lacrimas
530 2871 658 2955 reliquit
682 2872 787 2957 Carpo
810 2872 947 2958 parenti.

227 3028 299 3083 CIL.
310 3029 353 3083 IX
364 3030 432 3083 6281
448 3045 487 3084 ex
497 3028 652 3085 Accursio.
683 3029 744 3085 AL.
754 3029 921 3085 Burmanni
932 3029 972 3084 IV
982 3030 1044 3096 306,
1054 3029 1168 3099 Meyeri

155 3101 234 3154 1494.
266 3103 436 3170 genuinum
461 3102 581 3155 tItqum
605 3116 672 3155 esse
692 3116 782 3170 quem
801 3107 892 3156 antea
910 3102 942 3154 in
966 3102 1169 3170 suspicionem

155 3177 284 3226 uocarat
302 3173 363 3225 iam
380 3172 521 3226 adfirmat
539 3172 742 3228 Mommsenus
843 3172 1012 3227 Beneuenti
1031 3177 1066 3225 ut
1086 3172 1170 3225 uide-

156 3248 206 3296 tur
336 3243 541 3312 subscriptum
560 3242 614 3313 qui
632 3241 715 3298 61611
733 3259 805 3297 666.
824 3244 904 3297 XXI
918 3260 956 3298 m.
984 3243 1075 3297 VIIII
1092 3239 1168 3297 dieb.

155 3314 223 3366 XX.
254 3312 374 3382 Carpus
392 3313 527 3369 66166166
546 3319 676 3379 (666666)
692 3317 784 3384 pater
801 3312 1037 3383 infelicissimus
1054 3311 1150 3384 166111)

227 3385 242 3436 1
273 3390 421 3453 quantum
446 3386 615 3440 litterarum
640 3386 718 3440 desit
743 3400 851 3455 parum
877 3391 993 3440 eertum
1017 3392 1070 3440 cst.
1105 3386 1171 3439 bini

155 3454 264 3524 lapidis
282 3470 390 3510 uersus
409 3457 547 3526 singulos
565 3458 757 3512 hexametros
777 3458 921 3524 efficiunt,
940 3454 1028 3510 166-
1033 3454 1097 3526 fait
1115 3471 1171 3526 per

155 3531 217 3580 tres
235 3540 343 3580 uersus
362 3527 483 3596 digesta
501 3535 572 3582 sunt
591 3529 771 3597 spatiosiore
789 3529 949 3598 scriptura.
977 3528 1108 3583 fortasse
1127 3529 1172 3582 cst
