2646 3884
154 132 191 186 54
615 144 707 183 mmm

155 291 236 345 turis
256 290 397 345 omnibus
417 296 446 344 et
460 292 534 358 post
550 290 663 359 fatales
682 289 799 344 caesitas
923 290 957 344 12
975 289 1010 344 io
1028 291 1173 359 scopulos

155 361 290 417 incidere
309 361 392 415 uitae
411 378 450 417 ex
470 362 623 416 Ciceronis
643 363 851 416 consolatione
872 363 908 415 fr.
929 362 962 414 11
981 362 1058 416 Bait.
1078 362 1173 429 adpo-

156 436 216 488 suit
236 435 407 497 Quicherat.
437 434 577 502 scopulos
596 434 719 486 horreat
736 433 925 499 tricerberus,
951 434 1095 501 scopulus
1114 436 1173 487 ter-

155 508 223 558 reat
233 505 447 558 Lachmannus
550 505 583 558 13
601 506 643 557 ita
653 504 868 558 Lachmannus
881 506 967 559 bene.
993 521 1055 558 non
1069 506 1172 559 actiue

157 577 216 630 dici
236 581 309 646 puto
330 578 382 644 qui
400 578 496 629 uitam
515 578 626 630 eiciant
645 576 699 629 sed
719 576 849 629 neutrali
869 578 974 643 forma,
994 578 1027 629 ui
1046 577 1169 645 passiua

157 650 208 718 qui
228 663 261 702 se
280 649 439 713 eiaculant,
459 651 493 700 ut
511 648 659 701 uehentes
678 655 748 701 sunt
768 648 820 714 qui
838 648 1002 715 uehuntur,
1027 662 1173 701 exercen-

155 724 201 773 tes
221 721 272 787 qui
298 735 330 773 se
351 724 503 773 exercent.
534 718 663 772 eiciendi
682 719 810 771 uerbum
834 720 979 787 frequens
997 720 1029 771 in
1047 720 1171 771 naufra-

155 792 222 858 giis,
242 793 279 845 cf,
298 790 389 844 Lucr.
408 790 521 843 111875
539 805 592 843 nec
611 788 762 843 radicitus
782 805 796 842 e
815 788 882 843 atta
900 805 931 844 sc
950 787 1028 843 tollit
1046 792 1074 843 et
1092 788 1172 856 eicit,

156 861 215 916 Cic.
235 868 310 915 tusc.
330 862 421 915 1167.
449 859 1081 931 1191111111111111111111111111111111
1101 876 1172 914 con·

156 936 263 987 uenire
290 935 332 986 ait
358 932 470 999 Brunn‚
498 938 592 1001 negat
611 932 741 986 Dressel.
779 933 827 986 hic
841 934 967 1000 plac...
987 933 1069 1002 legit,
1097 931 1172 985 inde

152 1003 300 1073 placidos
318 1004 465 1057 nantibus
486 1006 561 1057 coni.
581 1003 877 1071 Krascheninnikoff,
896 1005 975 1058 malo
996 1002 1136 1058 omoibcm

136 1126 138 1131 ,
192 1076 226 1129 15
245 1078 288 1129 ita
307 1076 495 1141 Ritschelius‚
516 1082 584 1129 octo
599 1075 768 1129 litterarum
786 1076 896 1129 lacuna
910 1082 963 1142 est,
982 1074 1050 1129 cita
1062 1089 1174 1143 sappe-

155 1146 193 1201 tit
212 1147 375 1211 Quicherat
395 1148 444 1199 cui
464 1151 599 1216 praestat
617 1144 760 1201 conuenit

641 1293 683 1357 98

155 1416 220 1481 Seu
243 1417 354 1481 mortis
377 1417 506 1481 miseret
530 1437 585 1481 scu
609 1416 641 1480 te
664 1418 762 1498 uitae,
786 1417 926 1501 perligc:

199 1543 315 1588 nomen
337 1522 536 1606 Xanthippe,
561 1523 632 1587 Iaia
655 1522 788 1588 caedem
812 1522 945 1605 ludicra,

156 1637 233 1713 quot
257 1630 455 1714 exsprimcus
478 1629 588 1694 dolore
611 1630 695 1714 fugit
718 1631 825 1695 anima
849 1649 993 1715 corpore,

201 1737 255 1802 hic
279 1738 476 1819 conquiescit
500 1738 590 1802 cunis
614 1743 718 1802 terrae
742 1737 900 1820 mollibus,

132 1865 251 1927 equam
275 1845 358 1908 trino
382 1845 535 1909 annorum
558 1845 614 1908 iilo
638 1845 834 1929 proterentis

200 1971 314 2016 nouem
337 1957 411 2035 post
434 1951 576 2016 mtnsum
599 1952 684 2016 Fata
708 1951 877 2017 conficiunt
900 1951 995 2034 malo,

155 2059 224 2123 lues
247 2057 352 2141 ignita
374 2064 475 2121 torret
497 2058 581 2122 ultra
605 2064 682 2139 quot
706 2058 784 2139 dice,

200 2170 334 2229 uenuste
358 2184 492 2228 amoena
515 2164 705 2247 intellcgtns
729 2171 761 2229 et
784 2165 923 2247 garrula.

156 2293 252 2354 quam
275 2273 367 2355 siqua
390 2272 494 2355 pietas
517 2270 644 2335 insitast
668 2271 869 2352 caelestibus,

116 2404 144 2443 ιο
200 2380 321 2443 uiuenti
344 2379 473 2462 ingenio
497 2377 556 2441 soli
579 2383 611 2442 et
633 2377 697 2442 luci
720 2376 856 2459 reddite,

156 2486 266 2552 altoris
288 2506 471 2567 memorem,
496 2504 589 2567 quem
613 2490 763 2569 parentes
786 2483 935 2549 dixerant

202 2615 273 2658 cum
296 2594 430 2677 primum
454 2600 562 2657 natust
585 2591 788 2656 Lucilitnirm
813 2591 967 2656 Cassium.

229 2768 300 2824 CIL.
315 2769 358 2822 XI
371 2769 441 2822 1118
460 2768 556 2822 deser.
568 2768 729 2835 Bormam,
744 2768 839 2822 Lama
857 2770 889 2822 in
899 2769 985 2822 Iahni
1005 2769 1172 2836 specimine

157 2841 316 2911 epigraph.
337 2857 365 2910 p.
380 2841 440 2893 106.
468 2839 530 2892 AL.
549 2840 716 2893 Burmanni
737 2840 778 2894 IV
796 2840 856 2906 323,
877 2840 1080 2909 Meyeri1536

192 2912 329 2966 Parmae.
358 2913 579 2980 praescriptum
605 2912 633 2964 d.
658 2912 699 2964 M.
720 2910 912 2979 Xanthippae
936 2909 1001 2965 siue
1027 2909 1111 2964 latae
1139 2910 1171 2964 0.

159 2982 284 3038 Cassius
303 2981 486 3036 Isticilianas
505 2983 647 3036 alumnae
672 2981 874 3037 dulcissimae.
913 2984 1014 3053 apices
1037 2983 1168 3051 impositi

156 3055 257 3124 longis
276 3070 375 3123 paene
394 3070 498 3108 omnes
517 3055 685 3108 uocalibus.
709 3070 817 3108 uersus
836 3061 998 3123 corruptus
1017 3054 1042 3119 3,
1062 3054 1172 3106 labans

157 3128 279 3180 nomine
297 3127 376 3179 male
396 3141 568 3195 compresso
590 3126 632 3193 12,
652 3126 742 3179 balbe
760 3132 885 3179 narrata
905 3127 1058 3195 pleraque.
1097 3140 1172 3192 quo—

158 3198 238 3250 circa
258 3213 325 3250 cum
344 3213 406 3250 non
425 3198 583 3266 uolgarem
599 3198 659 3251 alia
672 3198 855 3266 elegantiam
874 3199 990 3266 spirent
1008 3201 1041 3249 ut
1060 3210 1172 3249 uersus

155 3269 181 3334 4,
210 3269 282 3321 mihi
306 3273 425 3322 constat
444 3267 581 3323 Cassium
607 3270 770 3337 sumpsisse
796 3269 919 3322 aliunde
946 3269 1056 3336 quibus
1080 3282 1169 3320 suum

158 3355 280 3392 carmen
300 3342 496 3394 concinnaret
514 3341 649 3393 lacinias,
677 3345 833 3410 tamquam
846 3342 877 3393 in
893 3340 987 3409 elegis
1000 3338 1076 3392 alter
1091 3338 1172 3406 quis·

158 3425 218 3479 que
237 3426 345 3464 uersus
365 3413 528 3465 introrsum
547 3412 663 3465 recedit

228 3481 245 3535 2
269 3483 345 3536 haec
365 3484 408 3535 sic
428 3483 557 3551 expedio
577 3484 680 3536 nescio
701 3497 791 3550 quam
813 3486 910 3535 recte:
935 3496 1047 3534 nomen
1071 3480 1169 3534 eidem

154 3556 224 3607 erat
242 3554 306 3607 Iaia
325 3569 344 3607 a
363 3554 481 3608 lusione
503 3570 594 3622 quam
613 3554 804 3623 exprimebat
823 3554 925 3606 anima
939 3554 1029 3606 etiam
1047 3553 1080 3605 in
1092 3567 1173 3605 mor-
