2644 3884
566 223 754 263 Buxentum

153 392 269 454 namqe
292 371 404 457 procul
427 377 514 436 certe
537 370 661 436 uicinus
684 370 827 454 iungitur
850 371 963 454 aminis,

129 478 272 545 elabitur
295 477 381 543 unda
405 478 469 543 leui
491 497 550 563 per
573 475 702 542 roscida
724 482 819 561 prata
841 477 971 542 Tirinus

153 585 282 669 gurgite
305 605 369 649 non
392 584 458 649 alto
480 583 593 649 nitidis
616 590 788 667 argenteus
810 582 915 666 undis,

154 699 186 759 ct
209 698 352 756 teneram
376 691 417 756 ab
441 689 552 756 radice
575 689 692 772 ferens,
717 689 859 773 Siluane,
883 708 1082 774 cupressum:

152 797 241 864 adsis
264 798 327 864 huc
349 797 439 879 mihi,
463 802 584 879 sancte,
608 796 722 862 fauens
745 815 893 878 numenq.
917 801 1074 880 reportes,

152 903 238 988 quod
261 905 321 970 tibi
344 924 402 990 pro
425 903 549 970 meritis
572 904 776 969 simulacrum
799 923 921 985 aramq.
946 902 1054 968 dicaui

101 1006 140 1079 '10
150 1012 233 1078 haec
256 1033 317 1095 ego
342 1030 424 1094 quae
447 1011 511 1076 feci
536 1009 735 1076 dominorum
759 1030 858 1076 causa
881 1011 993 1076 salutis

152 1125 184 1185 et
207 1139 280 1183 mea
302 1138 424 1203 proque
447 1118 528 1183 meis
550 1137 645 1183 orans
668 1118 802 1200 uitamq.
827 1118 999 1200 benignam

152 1225 354 1308 officiumque
377 1245 503 1308 gerens.
539 1225 645 1290 fautor
668 1232 703 1290 tu
726 1223 841 1289 dexter
864 1224 986 1307 adesto,

152 1331 227 1396 dum
250 1333 310 1398 tibi
333 1350 417 1414 quae
440 1331 544 1397 refero
568 1351 682 1414 quaeq.
707 1331 781 1414 aris,
805 1331 935 1414 inclute,
959 1328 1060 1395 reddo

151 1459 193 1505 ex
216 1444 291 1503 uoto
314 1439 492 1522 meritoque
516 1439 618 1504 libens
640 1459 714 1504 mea
738 1438 827 1504 dicta
850 1439 975 1504 resoluo
1055 1439 1058 1445 ’

113 1571 139 1613 a
195 1545 250 1609 ille
273 1564 335 1628 ego
359 1544 415 1627 qui
438 1545 558 1610 inserui
581 1565 697 1610 nomen
720 1548 753 1609 in
776 1566 834 1610 ara
856 1565 972 1638 meum.

150 1672 235 1717 nunc
258 1672 316 1718 uos
340 1672 358 1717 o
381 1653 460 1717 laeti
483 1653 566 1717 bene
587 1652 691 1736 gestis
715 1672 850 1737 corpora
874 1652 968 1717 rebus

149 1765 321 1845 procurate
344 1759 406 1823 uiri
430 1766 463 1824 et
486 1779 614 1843 semper
636 1765 765 1844 sperate
788 1739 961 1823 futurum.⁴

222 1935 295 1991 CIL.
313 1935 356 1988 IX
374 1934 453 2002 3375,
472 1935 599 1989 Henzen
619 1933 666 1989 Or.
688 1934 757 1989 5751
898 1937 929 1988 in
949 1936 1030 1989 ualle
1049 1935 1166 1989 Tritani

150 2008 207 2062 sub
228 2012 327 2061 castro
347 2006 534 2074 Capestrano
554 2022 650 2075 prope
670 2007 858 2060 confluentes
876 2005 1025 2060 Aternum
1044 2012 1074 2060 et
1092 2005 1167 2059 Tiri·

149 2094 232 2132 num.
262 2079 483 2147 praescriptum
497 2076 638 2145 Slilaaao
651 2078 756 2131 sancto
775 2076 910 2145 coeluum
919 2075 1077 2145 Athelm'o?
1097 2076 1167 2145 An]-

149 2148 198 2203 rtc'i
220 2147 369 2203 Laterani
396 2146 447 2202 lib.
468 2149 678 2216 producator)
706 2150 734 2201 et
757 2149 910 2218 Eutyches
938 2147 1166 2216 diametrorum),
1186 2172 1188 2177 >

150 2221 354 2300 subscriptum
375 2218 511 2287 donam)
531 2220 711 2300 d(ederaat)‚
732 2221 763 2272 in
780 2219 876 2273 latere
900 2220 1078 2300 columellae
1097 2220 1167 2272 scri·

150 2289 1167 2430 stt?dllttttllttttttttdttlrtptltltttltt

149 2434 254 2500 latum,
274 2432 416 2488 Siluanus
438 2448 507 2486 eum
524 2433 630 2486 Fauno
652 2438 682 2487 et
700 2432 784 2486 Pane
804 2434 950 2486 confusus

221 2505 239 2558 3
257 2504 363 2557 mellea
382 2506 447 2558 sine
467 2503 560 2558 dubio
580 2504 733 2558 ablatiuus
753 2508 893 2573 correpta
906 2503 1118 2556 terminatione
1132 2505 1167 2555 ut

149 2576 166 2630 5
184 2576 280 2641 anda,
301 2575 336 2628 10
352 2590 454 2642 caasa,
475 2575 507 2628 11
527 2590 602 2642 mea,
623 2575 657 2629 15
677 2590 742 2628 ara.
772 2575 909 2628 clausula
919 2574 1095 2644 Vergiliana
1112 2572 1166 2627 ecl.

149 2647 175 2714 3,
193 2646 229 2701 25
248 2644 304 2700 tibi
320 2644 425 2715 fictala
444 2662 514 2700 cera
532 2644 638 2700 iuncta
654 2644 719 2714 fait
832 2646 850 2698 4
869 2643 982 2715 iugiter
1000 2644 1167 2698 Lachman-

148 2733 207 2772 nus
227 2719 353 2786 corrigit
371 2719 402 2770 in
421 2715 598 2772 Mommseni
617 2716 693 2771 lRN.
712 2717 792 2784 6016,
820 2716 970 2771 Aternum
989 2720 1063 2786 puto
1082 2714 1167 2769 intel·

148 2789 313 2859 legendum
421 2787 438 2841 6
456 2788 679 2842 hemistichium
697 2789 850 2857 posterius
864 2787 954 2843 Ouidi
973 2793 1043 2841 met.
1056 2784 1166 2840 111407

202 2860 218 2914 7
237 2865 319 2914 totus
332 2859 448 2928 Vergili
467 2874 576 2928 georg.
589 2859 603 2912 I
617 2860 652 2912 20
754 2860 788 2913 10
807 2857 926 2914 domiai
945 2876 1008 2913 non
1018 2858 1166 2914 Caesares

148 2931 202 2986 sed
222 2946 353 3000 quorum
376 2945 491 3000 pascua
514 2930 685 2985 fundumue
706 2930 832 2985 libertus
855 2945 1025 2999 seruosque
1044 2929 1167 2983 coluere

220 3002 255 3055 15
274 3006 464 3072 pentameter
490 3002 620 3055 fortasse
646 3017 685 3055 ex
711 3002 877 3071 archetypo
897 3017 991 3055 uersu
1017 2999 1166 3054 deductus

148 3073 201 3127 tali
220 3071 270 3126 ille
290 3088 343 3142 ego
363 3070 417 3141 qai
435 3070 557 3126 inserat
575 3071 725 3126 Laterani
743 3088 853 3127 nemea
871 3071 906 3126 ta
925 3088 983 3125 ara
1096 3070 1129 3123 16
1143 3085 1165 3123 s.

148 3150 288 3214 spectare
307 3143 451 3197 uidentur
471 3144 510 3195 ad
524 3144 649 3212 epulum
667 3159 813 3197 unacum
833 3143 1025 3197 dedicatione
1042 3142 1164 3195 facturn.

147 3215 301 3286 Vergilius
323 3213 399 3268 Aen.
423 3213 467 3267 IX
486 3213 538 3268 157
555 3229 578 3268 s.
604 3216 687 3295 qaod
711 3216 857 3282 caperest,
883 3212 954 3268 laeti
977 3215 1049 3267 bene
1071 3209 1167 3282 pestis

147 3301 279 3355 corpora
296 3286 387 3340 rebus
403 3286 569 3354 procurate
587 3283 652 3339 arri
671 3287 699 3339 et
717 3299 837 3353 semper
856 3285 975 3354 sperate
991 3282 1101 3353 parati

620 3465 684 3528 251

145 3605 311 3671 Litoribus
333 3608 450 3673 uestris
474 3608 624 3690 quoniam
649 3607 825 3673 certamina
848 3606 968 3672 laetum
