2650 3882
171 157 224 213 218
419 120 425 133 ’
608 172 749 214 uncrrnr

243 315 315 373 CIL.
333 316 361 373 X
381 318 452 373 1ere
468 318 546 373 uidit
564 318 729 374 Mommsen
861 335 899 375 ex
920 335 995 390 agre
1015 320 1186 375 Puteolano

170 388 296 445 inlutum
316 404 421 445 museo
440 389 640 460 Neapolitano
747 392 941 445 continuatur
963 389 1189 460 Philadelphus

171 456 274 515 Seruii
295 458 431 515 Corinthi
452 458 670 529 dispendatur)
689 459 769 515 uidit
789 477 861 515 auu.
881 462 1003 518 XXXV
1116 478 1187 516 uer·

171 545 222 585 sus
242 532 381 601 expletur
400 533 443 586 sic
461 529 606 598 reddidit,
632 530 681 584 hie
706 534 757 585 est.
788 534 850 587 noli
870 531 951 587 diem
970 534 1070 587 disiun
1095 548 1146 588 ere
1165 549 1186 586 a

171 604 368 673 praegressis,
379 602 459 658 hunc
468 601 543 672 petii
552 603 735 672 praedaeue
744 601 845 658 diem?
856 603 994 659 Valerius
1003 549 1121 659 FLV5H
1133 603 1190 658 150

646 782 712 847 465

662 907 693 972 A

169 1013 271 1080 Paule
294 1014 371 1080 siste
395 1013 540 1098 gradum,
564 1013 688 1080 iuuenis
711 1013 776 1100 pie,
800 1035 928 1098 quaese,
952 1014 1067 1098 uiator,

170 1126 205 1185 ut
227 1139 299 1185 mea
322 1139 380 1205 per
402 1121 528 1185 titulum
551 1122 638 1187 neris
661 1122 708 1187 sie
731 1121 844 1188 inuida
866 1122 944 1188 iata.

168 1246 232 1291 une
255 1228 358 1292 minus
381 1247 477 1310 quum
499 1228 549 1293 bis
572 1227 673 1294 denes
696 1248 757 1311 ege
781 1228 848 1293 uiri
871 1250 930 1314 per
953 1249 1053 1295 annes

168 1334 295 1415 integer
317 1334 472 1399 innocuus
494 1353 621 1419 semper
643 1336 699 1419 pia
722 1341 829 1400 mente
851 1336 1016 1420 probatus,

145 1439 223 1522 equi
247 1439 344 1505 decili
368 1439 438 1505 lusu
461 1441 610 1506 iuuenum
633 1441 715 1507 bene
739 1441 853 1508 dectus
876 1442 1006 1507 harenis

168 1545 302 1631 pulcher
325 1552 358 1610 et
380 1546 435 1611 ille
458 1545 504 1611 tui
527 1547 626 1613 uariis
650 1547 867 1614 circumdatus
890 1550 997 1614 armis.

169 1672 267 1737 saepe
290 1652 375 1718 ieras
397 1653 468 1734 lusi,
492 1653 636 1720 medicus
659 1662 766 1720 temen
788 1656 816 1721 is
839 1675 965 1738 queque
987 1654 1055 1719 uixi

169 1766 202 1825 et
225 1779 332 1826 cemes
354 1761 483 1843 urseris,
508 1780 615 1827 cemes
638 1760 688 1826 his
711 1762 766 1844 qui
788 1761 920 1828 uictima
943 1760 1044 1827 sacris
1077 1809 1082 1819 ‚

169 1864 306 1932 caedere
329 1886 426 1952 saepe
450 1867 554 1932 selent
577 1875 609 1933 et
633 1870 686 1950 qui
711 1889 793 1934 neue
817 1874 961 1954 tempere
983 1868 1067 1933 ueris

130 1972 297 2038 ruderibus
320 1975 453 2039 intextis
476 1974 622 2040 reieuent
645 1975 816 2041 simulacra
840 1974 982 2041 deorum.

166 2099 282 2145 nemen
305 2081 333 2145 si
357 2082 495 2164 quaeris,
519 2080 631 2146 titulus
654 2081 713 2147 tibi
737 2101 815 2147 uera
838 2082 973 2147 fatetur:

257 2186 333 2252 Sex.
358 2186 418 2252 lul.
443 2186 671 2253 Felieissimus.
904 2262 908 2269 ⁴

212 2292 288 2358 Sex.
305 2292 405 2358 lulius
421 2293 514 2359 Felix
538 2294 665 2359 alumne
688 2294 943 2380 incomparalbili
966 2294 1008 2380 ct]
1026 2293 1185 2361 Felicitas

1033 2399 1138 2484 ililie‘?

687 2508 719 2570 B

168 2613 218 2676 Tu
242 2613 295 2695 qui
320 2632 455 2695 cumque
478 2613 561 2696 legis
584 2614 711 2679 titulum
734 2614 836 2679 ferale
859 2615 985 2699 sepulti,

130 2719 221 2801 isqui
245 2718 369 2802 fuerim,
394 2739 477 2802 quae
500 2727 577 2786 ueta
599 2720 689 2803 mihi,
714 2741 797 2803 quae
820 2721 934 2805 gloria,
959 2720 1057 2785 disce.

168 2861 223 2926 Bis
247 2860 346 2926 denes
369 2860 438 2925 uixi
462 2861 601 2946 depictis
623 2865 786 2929 mensibus
810 2883 910 2929 annes

168 2975 200 3033 et
223 2967 342 3033 uirtute
366 2974 480 3053 petens
504 2977 536 3033 et
559 2970 692 3054 pulcher
714 2970 793 3036 flere
816 2970 966 3036 iuuentae

168 3075 213 3158 e]t
237 3076 291 3157 qui
314 3074 494 3159 praeferrer
517 3077 626 3161 pepuli
651 3076 812 3142 laudantis
836 3097 954 3143 amere.

168 3180 249 3264 q]uit
271 3200 344 3246 mea
368 3181 486 3247 dumne
509 3182 624 3248 deles?
648 3183 708 3248 fati
731 3204 794 3249 nen
817 3183 957 3250 uincitur
981 3183 1070 3249 crde.

130 3286 231 3370 cereis
253 3286 415 3352 hominum
439 3289 486 3354 sic
509 3295 582 3354 sunt
605 3296 641 3353 ut
666 3288 793 3372 [either
815 3309 926 3374 peme:

167 3398 223 3456 aut
246 3391 383 3477 materia
407 3393 525 3459 cadunt
549 3402 605 3460 aut
628 3394 820 3480 [immatura]
846 3397 1004 3480 leguntur.

240 3566 311 3623 CIL.
330 3567 388 3622 XII
406 3569 459 3623 533
479 3571 574 3625 deser.
593 3571 765 3626 Hirschfeld
905 3571 1001 3642 Aquis
1023 3570 1133 3628 Sextiis
1152 3575 1185 3628 in
