2646 3884
604 197 732 237 seusun
1138 182 1174 237 39

161 347 189 400 te
216 343 321 400 uiator
344 346 574 398 monumentum
596 344 651 397 ltoo
677 358 715 397 no
738 342 864 399 laeseris
888 337 919 399 et
942 342 988 399 ita
1010 343 1116 398 uolens
1140 344 1175 396 ot

160 417 355 472 monumento
374 413 445 469 huic
462 413 509 469 nil
525 415 604 469 male
621 412 732 484 feceris

648 575 690 641 u>

160 678 247 769 Dum
270 703 361 784 uixit,
386 701 543 785 omni]bus
565 701 652 768 suuis
676 701 877 789 dulcissimus

161 811 328 893 formaque
351 808 517 893 egregium
539 808 654 892 magis]
679 807 741 873 hoe
763 827 863 892 puero
885 806 966 872 nihil
988 807 1058 887 fuit,

162 937 255 1002 quem
277 936 362 982 mors
385 915 515 999 aeerb]a
538 915 654 1000 eripuit
677 936 697 980 a
720 914 916 999 parentibus.

234 1075 307 1132 CIL.
326 1074 457 1130 lxmae
476 1075 635 1144 descripsIt
654 1073 782 1141 Canaba,
801 1074 892 1144 periit
1007 1074 1039 1126 in
1052 1071 1174 1128 Samnio

161 1153 300 1218 repertus
320 1147 360 1200 ad
379 1145 509 1215 Sagrum
528 1147 656 1200 fluuium
675 1146 752 1215 lapis
771 1145 929 1214 superiore
952 1148 1039 1213 parte
1058 1150 1088 1198 et
1107 1145 1176 1198 sini-

161 1224 224 1273 stra
248 1224 365 1288 ruptus.
396 1218 585 1287 praecedunt
607 1217 683 1270 haee
705 1215 806 1285 potor]
830 1216 855 1284 f.
880 1232 903 1269 1.
924 1230 997 1269 ...uos
1021 1231 1175 1269 annorum

162 1291 239 1347 XVI
261 1330 303 1343 .....
306 1304 460 1343 annorum
485 1289 596 1357 quibus
619 1290 651 1342 in
674 1287 769 1342 altero
794 1286 932 1341 Catabae
957 1286 1096 1356 exemplo
1121 1301 1176 1340 nu·

161 1376 263 1416 merus
282 1361 331 1415 XI
347 1361 533 1430 adiungitur,
552 1364 708 1428 tamquam
732 1359 852 1412 duobus
871 1363 959 1428 pater
981 1358 1049 1411 filiis
1070 1372 1176 1413 monu-

161 1438 296 1488 mentum
316 1433 430 1498 feeerit‚
455 1446 577 1485 carmen
595 1437 696 1484 autem
717 1431 825 1483 minori
844 1434 928 1483 natu.
968 1430 1000 1482 in
1019 1429 1079 1483 fine
1098 1429 1176 1483 haee

161 1505 308 1574 leguntur
327 1501 433 1556 Mom'o
453 1501 482 1556 0.
500 1502 525 1570 f.
544 1500 606 1556 sito
625 1518 653 1555 o.
672 1502 785 1555 XXIII

234 1576 249 1628 1
274 1571 415 1629 omnibus
433 1573 607 1627 Mommsen.
632 1573 780 1642 quidquid
800 1572 965 1641 suppletur,
986 1572 1058 1626 satis
1078 1571 1176 1625 defor-

161 1647 250 1700 miter
267 1646 437 1700 uersiculus
457 1648 590 1699 structus
609 1650 655 1698 est
755 1643 772 1697 2
791 1644 834 1696 sie
846 1644 987 1713 suppleui
999 1648 1033 1699 ut
1045 1640 1091 1696 nil
1108 1658 1175 1712 pro·

161 1718 364 1784 nuntiaretur,
383 1716 519 1785 pulcrius
538 1717 667 1770 fortasse
687 1730 778 1784 quam
794 1715 907 1768 uerius.
936 1725 1038 1783 neque
1056 1713 1175 1782 indigni

161 1790 219 1843 isto
239 1788 358 1842 numeri
377 1787 538 1842 debiliores
556 1784 678 1855 simulo.
697 1783 816 1853 molius]
835 1786 889 1839 hoo
903 1800 1002 1853 puero
1020 1782 1100 1841 nitu
1111 1782 1176 1853 fult

649 1947 690 2012 16

160 2075 289 2159 Hospes
311 2073 425 2138 resiste
448 2079 481 2137 et
504 2070 670 2155 tumulu[m
695 2071 876 2156 contempla
898 2090 1013 2153 meum,

161 2181 236 2264 lege
260 2186 293 2246 et
315 2181 458 2262 moraris,
481 2180 547 2244 iam
570 2179 664 2263 solies
687 2179 788 2244 fatum
811 2198 921 2262 graue.

62 2280 65 2286 ’
162 2287 231 2352 uixi
255 2307 318 2370 qua
340 2287 431 2372 potui
452 2287 551 2351 karus
574 2267 700 2369 Ruliino
724 2286 818 2370 patri.

161 2393 308 2460 hiesum
331 2392 482 2478 sepultus,
507 2392 561 2457 hie
583 2391 668 2476 oslsa
690 2392 723 2456 in
746 2398 833 2455 terra
856 2390 984 2462 eubant.

138 2500 270 2565 sualete
293 2505 326 2564 et
348 2500 430 2564 bene
453 2499 551 2564 facite
574 2498 678 2582 uolbis
701 2497 776 2561 dum
799 2497 886 2562 lieet.

235 2674 307 2731 CIL.
318 2675 361 2729 IX
372 2675 442 2730 1164
454 2690 493 2729 ex
507 2674 634 2728 schedis.
670 2672 733 2727 AL.
749 2673 916 2727 Burmanni
928 2672 969 2727 IV
981 2673 1042 2740 380,
1061 2673 1176 2742 Meyeri

164 2746 234 2801 1505
360 2748 418 2800 fuit
436 2746 613 2800 Beneuenti.
642 2746 864 2815 praescriptum
878 2745 1014 2799 Bosseus
1027 2745 1176 2799 Beneuen-

164 2817 275 2886 [lonus]
302 2815 385 2871 uixit
413 2832 551 2872 annos...
576 2817 608 2870 id
632 2821 677 2871 est
695 2817 851 2870 Bossoous
869 2817 1113 2880 Beneuentanum,
1137 2830 1177 2870 ne

162 2890 280 2943 mireris
306 2905 361 2958 pro
386 2890 567 2959 imperatiuo
593 2890 738 2957 seriptum
757 2884 892 2942 moronis
915 2904 944 2941 u.
963 2887 981 2940 2
1000 2888 1082 2954 (uide
1101 2887 1144 2953 11,
1163 2902 1176 2940 a

163 2966 194 3014 et
212 2961 255 3028 90,
274 2960 297 3027 a)
317 2965 371 3013 aut
391 2960 568 3014 dissociatas
587 2961 618 3012 in
638 2959 772 3013 seeundo
792 2959 871 3027 pede
889 2959 1063 3012 uocalesu.
1082 2958 1100 3012 5

235 3032 250 3084 1
271 3033 411 3101 geminus
431 3030 598 3097 1111111182,
618 3047 629 3084 r
650 3030 765 3097 111163,
785 3046 796 3084 1
909 3029 926 3083 2
946 3030 1082 3099 expleuit
1101 3027 1176 3084 Con-

162 3102 235 3156 rade
253 3103 285 3155 in
304 3102 416 3156 anthol.
437 3101 486 3155 lat.
506 3101 616 3155 librum
635 3101 676 3155 IV
697 3100 833 3167 (Bonnae
853 3116 880 3153 a.
901 3100 981 3164 1853)
1000 3117 1028 3181 p.
1044 3099 1081 3153 44
1106 3101 1176 3154 seri-

162 3173 264 3228 bendo
288 3173 391 3242 fotum
410 3188 510 3227 meum
650 3173 668 3226 3
686 3174 799 3226 usitata
822 3172 953 3225 formula
976 3168 1060 3225 1111111
1083 3186 1176 3225 canos

162 3243 238 3311 suis,
257 3245 306 3298 hie
326 3260 395 3298 eum
408 3245 484 3313 lapis
498 3243 639 3297 habuerit
657 3245 753 3297 1111111
772 3259 846 3309 rm„
867 3249 981 3296 eertum
1000 3257 1112 3296 nomen
1125 3241 1176 3295 ad·

164 3316 278 3385 sumpsi
389 3315 470 3368 4111
489 3314 634 3369 Conrads.
666 3316 752 3383 siquo
772 3313 884 3383 impelli
902 3316 950 3367 uis
970 3314 1176 3367 narrationem

162 3391 325 3453 momento,
345 3388 450 3456 aeeipe
469 3386 551 3454 oelso
569 3384 620 3439 illo
639 3383 779 3439 condidit
883 3383 1034 3453 seeptro
1053 3381 1177 3451 eorpom'

164 3455 301 3512 Conrads
324 3459 377 3526 qui
399 3465 481 3511 reete
507 3458 588 3526 cepit
608 3457 698 3509 huius
722 3456 942 3510 adhortationis
970 3471 1007 3508 ae
1035 3455 1176 3508 similium

163 3529 353 3652 ellantentiam,
372 3529 501 3582 formam
520 3533 623 3581 autem
641 3528 759 3581 inuexit
778 3528 817 3580 ab
836 3527 926 3580 huius
945 3526 1023 3580 tituli
1036 3538 1175 3580 sermone

163 3614 295 3654 arenam
