2646 3884
145 86 186 141 60
614 101 705 141 raum

148 245 210 312 lroo
233 252 361 331 praeter
385 252 509 314 ceteros
533 250 630 314 etiam
653 250 760 334 Hippo
785 248 925 333 dieti[tat

148 352 318 439 diarrytos,
343 355 397 420 ubi
420 356 576 438 magister
598 363 766 440 praestans
789 355 906 439 floruit,

119 459 292 544 cuixitque
314 482 478 527 numemm
508 464 542 528 in
565 483 599 527 se
623 456 672 527 de'
688 463 839 546 anologia
862 463 1070 549 Pythagorae
1099 466 1162 551 pri-

971 593 1115 638 manum.

218 727 261 783 Ca
285 733 337 783 nat
357 745 427 782 ann.
447 729 604 798 epigraph.
625 728 695 782 1892
715 745 742 798 p.
756 728 792 782 54
816 744 854 782 ex
879 735 989 800 ectypo
1010 732 1093 799 quod
1112 732 1161 787 de·

147 799 234 854 derat
277 805 366 854 arton
496 815 558 868 rep.
579 799 883 869 apud'Thuggenses
902 800 1054 856 Afrorum.
1093 805 1162 857 sub·

145 872 292 940 scriptum
312 878 356 925 est
371 869 469 939 padus)
489 869 592 937 attonat)
612 887 639 923 a.
660 871 801 938 XXXVI,
820 870 892 936 letio)
910 870 1011 938 uitus)
1031 873 1096 940 emt)

219 943 233 996 1
253 943 325 997 tolle
344 957 514 1010 cognomen
527 948 561 994 ut
573 946 656 995 recte
670 943 837 1009 procedant
849 945 968 997 numeri
1055 945 1073 998 3
1086 943 1161 1000 dicti

66 1052 70 1061 .
145 1014 178 1066 in
190 1013 251 1068 fine
263 1029 372 1068 uersus
385 1014 471 1082 lapis,
488 1013 618 1067 lacunae
630 1014 776 1067 indicium
791 1015 907 1067 nullum
1007 1015 1161 1071 deotatus

145 1099 238 1153 quem
249 1085 488 1154 cosmographus
500 1085 572 1137 dicit
583 1087 746 1154 opponitur
756 1086 890 1155 Hipponi
903 1088 988 1155 regio
1062 1087 1161 1142 bano·

141 1154 229 1225 topia
255 1158 298 1210 sic
321 1157 406 1224 lapis.
445 1161 490 1209 est
509 1158 588 1209 enim
608 1158 625 1222 ἡ
646 1158 803 1224 καλουμένη
822 1159 982 1224 τετρακτύς,
1009 1159 1045 1211 τὰ
1070 1159 1098 1214 ἓξ
1115 1163 1161 1212 καὶ

142 1228 305 1294 τριάκοντα,
327 1229 456 1291 μέγιστος
475 1228 559 1293 ὅρκος
578 1227 666 1288 (Plut.
687 1228 725 1281 de
744 1228 781 1282 Is.
802 1230 836 1283 75
855 1246 883 1298 p.
893 1230 945 1283 381
959 1229 1002 1297 F).
1030 1235 1162 1285 metrum

141 1299 297 1352 constabit
317 1299 445 1367 demptis
464 1297 499 1352 io
518 1314 549 1351 se
569 1300 605 1352 de
624 1298 770 1369 analogia

620 1479 697 1543 108-

144 1601 205 1667 Vel
228 1621 312 1666 nuno
335 1601 489 1667 morando
513 1609 609 1685 resta,
635 1602 688 1685 qui
712 1623 828 1687 perges
850 1606 921 1686 lter,

144 1707 254 1773 Etiam
278 1707 416 1774 dolentis
439 1729 531 1774 casus
555 1708 709 1775 aduersos
733 1709 816 1794 lege,

144 1815 282 1881 Trebius
305 1817 451 1881 Basileus
474 1818 612 1881 coniunx
636 1837 717 1899 quae
741 1818 855 1902 scripsi
880 1816 1001 1900 dolens,

148 1923 189 1987 Vt
212 1924 294 1988 scire
318 1924 421 2008 possis
444 1923 528 1988 infra
551 1925 673 2008 scripta
695 1924 846 2008 pectoris.

118 2028 265 2095 alterum
288 2031 441 2095 bonarum
464 2030 525 2094 fuit
549 2030 630 2095 haec
653 2038 767 2095 ornata
789 2032 864 2113 suis,

145 2136 288 2202 Innocua
310 2138 456 2221 simplex,
482 2157 564 2219 quae
587 2157 758 2218 numquam
782 2138 901 2202 errabit
925 2137 1043 2221 dolum,

146 2243 255 2310 Annos
279 2265 361 2328 quae
383 2245 465 2308 uixit
488 2244 571 2308 XXl
595 2251 627 2309 et
650 2244 811 2308 mensibus
835 2244 898 2307 Vll

146 2350 328 2435 Genuitque
352 2372 393 2415 ex
415 2371 467 2416 me
490 2358 555 2416 tres
577 2357 670 2415 natos
694 2370 773 2432 quos
796 2352 923 2433 reliquit
947 2352 1108 2436 parbulos,

145 2457 284 2543 Repleta
308 2464 454 2539 quartum
477 2464 567 2523 utero
591 2478 699 2522 mense
723 2463 838 2523 octauo
863 2458 940 2522 obit.

107 2590 136 2630 m
146 2563 309 2630 Attonitus
332 2565 441 2649 capita
463 2585 548 2630 nuno
571 2538 734 2630 uersoru⁶m
758 2564 891 2649 inspice,

146 2671 288 2737 Titulum
311 2671 462 2737 merentis
485 2692 541 2736 oro
564 2672 713 2756 perlegas
736 2672 854 2736 libens:

146 2778 311 2862 Agnosces
333 2799 449 2843 nomen
473 2779 619 2862 coniugis
641 2786 754 2862 gratae
778 2799 879 2844 meae.

217 2937 401 3008 descriptum
421 2937 555 2991 aRossio
573 2938 656 2992 dedit
675 2938 746 2990 mihi
765 2937 830 2991 Ihm
938 2940 996 2992 fuit
1014 2940 1045 2992 in
1064 2939 1159 2993 hortis

145 3008 321 3078 Campanae
334 3025 430 3079 prope
440 3009 634 3077 Lateranum,
654 3025 737 3062 nunc
754 3010 808 3062 ubi
821 3011 860 3063 sit
873 3011 1043 3080 ignoratur.
1076 3026 1159 3064 acro·

144 3081 248 3134 stichis
272 3079 395 3135 Veturia
415 3081 512 3135 Grata

218 3153 233 3204 1
252 3153 301 3205 uel
319 3168 410 3219 nunc,
430 3153 499 3206 licet
518 3153 656 3220 proxime
676 3153 714 3206 ab
734 3153 811 3206 urbe
935 3151 953 3204 2
972 3150 1064 3205 etiam
1082 3153 1159 3222 lapis

145 3223 238 3292 idque
257 3224 363 3277 melius
383 3229 427 3278 est
447 3239 538 3292 quam
557 3226 585 3277 et
602 3222 667 3277 iam
766 3224 783 3276 3
802 3223 1062 3292 pronuntiandum
1072 3223 1159 3277 Bast-

144 3295 210 3348 leas
231 3300 375 3363 quattuor
394 3296 518 3364 syllabis
671 3294 688 3348 5
708 3293 851 3348 ornatriae
871 3295 976 3347 debuit
994 3294 1086 3347 scribi
1105 3300 1159 3347 aut

144 3368 265 3419 ornatu.
299 3371 484 3420 structuram
502 3368 559 3420 iste
579 3366 708 3419 eandem
727 3382 819 3434 quam
844 3367 875 3418 in
894 3364 1009 3433 referta
1028 3365 1092 3418 sim.
1113 3381 1159 3419 ce-

145 3439 202 3491 teri
221 3444 344 3502 secutus
363 3443 408 3492 est
513 3438 530 3492 7
547 3438 650 3505 implet
663 3453 786 3491 uersum
799 3434 914 3506 uipinti
929 3452 1027 3489 unum
1040 3437 1068 3488 et
1079 3451 1160 3490 mea-

145 3507 240 3576 st'bus,
264 3510 385 3564 excedit
403 3524 548 3563 numerus
567 3509 644 3563 alter
785 3510 802 3562 8
821 3508 973 3574 ἑπτάπους,
992 3507 1160 3563 tollendum

2 3734 16 3791 l
57 3776 148 3792 „-
