2634 3892
539 697 755 765 ADDENDA

612 877 677 941 en

131 1002 404 1091 1111111111
428 1001 572 1067 desitum
595 999 696 1067 reddo
720 1001 790 1066 tas.
833 984 835 989 ’

204 1180 292 1234 Rossi
311 1180 400 1233 inser.
420 1178 519 1232 christ.
541 1178 626 1232 Rom.
645 1178 674 1231 II
695 1178 754 1245 102,
774 1177 809 1232 25
829 1194 868 1232 ex
888 1178 994 1232 codice
1010 1176 1150 1231 Palatino

132 1253 166 1307 in
191 1267 251 1320 quo
275 1250 388 1319 legitur
413 1251 492 1303 inter
516 1251 588 1303 uiae
607 1248 742 1304 Salariae
761 1249 864 1304 titulos
882 1249 1062 1303 christianos
1080 1252 1150 1318 post

133 1322 321 1393 epitaphium
341 1320 368 1377 S.
388 1321 553 1375 Felicitatis
666 1322 802 1375 trimeter
821 1322 1031 1390 graecanicae,
1049 1324 1150 1390 potest

133 1395 243 1448 fecisse
261 1391 393 1446 Sabinae
412 1392 632 1460 Hadrianoque
657 1393 688 1446 in
707 1390 884 1462 Aegyptum
909 1392 1051 1457 comitata
1079 1405 1151 1460 poe·

132 1466 200 1531 tria,
226 1479 328 1532 neque
352 1465 430 1518 enim
456 1464 546 1517 credo
571 1470 696 1518 sanctae
720 1465 848 1532 martyri
868 1463 1042 1517 dedicatum
1060 1467 1095 1516 ut
1113 1461 1149 1516 R.

132 1538 277 1605 opinatur
384 1537 485 1589 insere
504 1536 713 1605 superioribus
734 1536 814 1588 circa
833 1551 862 1588 1.
881 1535 917 1588 20

606 1715 670 1779 848

29 1864 33 1871 ’
132 1841 340 1923 Adulescens,
364 1846 431 1904 tam
455 1839 516 1905 etsi
538 1858 701 1924 properas,
724 1837 728 1925 Ι
748 1837 802 1903 hic
824 1843 857 1902 te
880 1838 1026 1903 saxsolus

132 1954 227 2032 rogat
249 1954 285 2012 ut
307 1967 341 2012 se
362 1944 367 2033 l
388 1946 538 2032 aspicias,
563 1945 680 2010 deinde
696 1952 731 2010 ut
747 1944 834 2028 quod
850 1946 1002 2030 scriptust
1021 1941 1026 2030 Ι
1046 1944 1148 2027 legas.

132 2056 187 2121 hic
210 2061 283 2120 sunt
307 2073 379 2119 ossa
402 2053 507 2118 Maeci
530 2053 613 2118 Luci
636 2049 724 2138 sital

132 2161 276 2228 Pilotimi
298 2159 469 2225 uasculari.
791 2162 793 2166 ’

106 2269 195 2335 shoo
218 2289 279 2352 ego
302 2267 473 2351 uolelbam]
496 2264 501 2352 Ι
520 2266 648 2332 nescius
670 2265 704 2330 ni
729 2286 825 2331 esses.
861 2266 944 2331 nale.

205 2447 300 2501 deser.
310 2446 500 2499 Kubitschek
519 2445 657 2498 editurus
675 2445 707 2496 in
724 2444 799 2496 actis
812 2443 893 2497 arch.
907 2444 1003 2512 epigr.
1013 2440 1151 2495 Austria·

134 2522 184 2585 cis,
197 2518 277 2570 misit
290 2517 361 2569 mihi
371 2516 526 2570 Burmann
538 2519 587 2579 (m.
598 2514 679 2584 Sept.
694 2530 719 2566 a.
731 2513 812 2578 1894)
888 2513 1045 2568 Romanae
1060 2512 1150 2582 origi-

132 2592 179 2646 nis
198 2586 303 2640 tabula
323 2586 424 2639 delata
441 2586 661 2650 vindobonam,
680 2586 800 2639 litterae
819 2586 920 2640 honae
938 2586 1044 2638 firmae
1063 2589 1150 2637 uetu-

132 2669 207 2717 stae.
237 2658 382 2711 adhaeret
396 2659 540 2713 continuo
550 2655 686 2726 posteris
698 2655 756 2725 ias,
771 2657 941 2711 subiectum
956 2657 991 2710 L.
1004 2653 1104 2709 Maeci
1114 2655 1150 2708 L.

132 2735 151 2787 l.
166 2727 264 2796 Salui,
284 2729 433 2782 Moechus
448 2729 600 2783 Manchae
617 2726 741 2797 f(iliae).
769 2725 889 2783 Rutilia
908 2725 1044 2781 Rutiliae
1063 2727 1081 2780 l.
1095 2725 1151 2780 He·
1215 2772 1221 2782 ,

131 2806 247 2867 thasra,
267 2798 387 2853 Maecia
406 2800 441 2853 L.
458 2799 484 2868 f.
575 2800 666 2869 plane
685 2801 828 2868 congruit
847 2800 1036 2868 epigramma
1054 2797 1151 2851 Pacu-

132 2877 177 2930 uii
196 2871 413 2927 conlaudatum
433 2887 451 2924 a
471 2869 567 2925 Gellio
588 2870 692 2938 124,4
711 2873 798 2924 cuius
817 2872 933 2939 primus
952 2885 1061 2923 uersus
1080 2869 1152 2921 hinc

133 2949 255 3003 demum
275 2943 400 2996 discitur
415 2942 567 3011 quomodo
582 2944 620 2996 sit
635 2942 860 2997 emendandus:
880 2941 1067 3007 adulescens,
1087 2941 1152 2993 tara

133 3016 373 3099 etsiUproperus,
402 3014 457 3068 too
481 3015 509 3066 ia
532 3014 679 3094 samolum
704 3014 829 3081 (sarram
845 3014 925 3093 libri)
951 3013 1041 3099 repat
1061 3011 1096 3065 sit
1120 3025 1153 3064 sa

132 3082 1153 3286 altttalgththt..5hiltt.ti.l⁶atalh³tt.ltili

133 3249 170 3287 c.
191 3246 227 3286 su
250 3244 286 3283 ra

206 3247 305 3355 iliam
323 3302 351 3353 ai
369 3298 398 3354 si
416 3300 475 3352 tria
493 3300 525 3352 in
538 3299 640 3369 lapide
656 3301 754 3353 uerba
826 3293 1010 3367 asperrimis
1029 3291 1152 3349 sareulis

133 3373 193 3430 Cic.
213 3374 251 3427 de
271 3376 345 3426 orat.
366 3372 380 3425 Ι
400 3371 461 3438 196,
480 3386 594 3426 suasus
613 3386 707 3440 supra
725 3369 779 3424 415
875 3370 925 3424 3s.
946 3371 1069 3422 laxatus
1082 3381 1151 3420 uer·

132 3461 184 3500 sus
204 3460 243 3499 ex
263 3444 363 3513 gentis
382 3444 518 3511 artisque
532 3444 715 3509 nominibus,
735 3442 789 3496 sed
802 3456 902 3510 aequo
914 3444 1008 3495 tenax
1022 3437 1152 3505 antiqui·

131 3518 203 3571 tatis
221 3531 259 3569 ac
276 3514 473 3568 Pacuuianus
492 3515 557 3569 iste.
578 3517 684 3569 contra
703 3514 735 3567 in
753 3513 789 3568 53
803 3510 969 3582 praeconis
986 3508 1034 3566 Oli
1048 3505 1149 3565 Grani

132 3589 206 3643 suat
224 3602 295 3641 ossa
314 3585 379 3640 haic
398 3583 459 3640 sita
