2644 3884
597 148 725 189 suuann
876 137 881 145 '
1132 139 1167 194 65

153 298 245 358 (anno
264 293 328 363 349)
452 293 469 347 2
487 295 552 350 tam
571 300 642 350 ante
662 295 868 366 quadraginta
887 297 954 351 illos
973 312 1070 352 annos
1090 313 1167 367 quos

151 381 216 419 una
235 381 304 419 cum
322 366 430 418 marito
450 366 529 420 uixit
629 365 647 420 6
665 367 848 435 probitatem
861 367 957 438 Agori
968 367 1167 439 Symmachus

153 437 321 506 ep.X10,1
342 442 372 490 et
389 435 568 491 Ammianus
586 435 699 491 XXVII
712 437 768 505 9,8
787 438 965 507 praedicant
1065 441 1082 495 7
1101 456 1167 510 per·

152 523 256 578 peram
277 508 410 562 edebant
429 506 484 577 qai
584 508 649 563 8ss.
666 513 901 563 commentatum
914 509 1167 566 essePraetexta-

152 586 217 632 tum
245 579 283 633 de
311 579 500 649 philosophia
524 583 616 649 atque
640 587 674 634 ut
692 580 891 635 Nicomachos
919 586 949 634 et
969 579 1166 650 Symmachos

152 650 297 718 aequales
315 659 456 704 ueterum
471 652 651 720 scriptorum
667 651 892 721 exemplaribus
906 652 1103 708 emendandis
1117 654 1166 707 de·

153 722 232 775 disse
252 737 376 791 operam
395 721 520 776 Iahnius
539 723 682 791 probauit
696 727 754 776 act.
767 722 852 777 acad.
867 720 979 777 Saxon.
991 723 1059 777 1851
1074 741 1102 794 p.
1112 725 1166 780 338

224 793 258 846 13
280 794 393 863 mystes
414 792 576 863 Hauptius,
604 796 752 848 mouestes
779 794 856 862 lapis
886 794 970 862 quod
996 801 1165 850 monstrum

152 864 276 917 Iahnius
296 864 400 917 docuit
417 866 531 918 mustea
557 870 587 918 et
604 868 730 919 moestas
750 869 916 919 formarum
936 866 1079 919 conflictu
1099 881 1165 921 esse

152 936 990 1061 illibabilistalltttltthltttttlla
1010 937 1167 1062 stilti

152 1076 336 1142 (Macrobius
355 1084 409 1131 sat.
429 1077 443 1130 Ι
463 1077 505 1141 ll,
526 1077 541 1129 1
561 1081 591 1132 et
609 1077 652 1142 24,
672 1078 700 1141 1)
827 1078 862 1131 20
881 1080 1010 1132 fortasse
1029 1094 1067 1132 ex
1087 1079 1164 1134 libro

150 1148 339 1202 Praetextati
359 1153 511 1216 sumptum
526 1149 643 1201 dietum·
652 1149 763 1215 subest,
783 1148 981 1218 Symmachus
1000 1149 1038 1203 de
1057 1150 1165 1204 eodem

151 1219 237 1287 ep.X
252 1219 293 1286 12,
309 1219 326 1271 2
345 1218 463 1289 paedia
483 1217 621 1287 corporis
639 1221 738 1288 inquit
756 1221 790 1273 ut
808 1220 925 1274 caduca
944 1219 1075 1274 sulcauit

169 1290 204 1344 23
221 1289 329 1344 mortis
349 1295 431 1344 recte
449 1289 611 1344 Lerschius
630 1306 815 1359 quamquam
830 1291 920 1345 etiam
935 1289 1164 1345 MariniusAru.

151 1377 179 1430 p.
193 1361 244 1414 471
264 1358 460 1415 sortemorbis
476 1367 605 1416 testatus
624 1369 669 1416 est
687 1364 719 1415 in
738 1378 888 1416 marmore
907 1362 969 1431 legi
1069 1363 1103 1416 26
1123 1364 1165 1416 at-

150 1435 213 1486 teos
231 1431 286 1502 qui
304 1433 389 1502 lapis.
418 1433 496 1486 hanc
516 1434 554 1487 ob
568 1434 745 1503 religionem
759 1433 964 1487 tauroboliata
976 1449 1069 1502 supra
1084 1434 1165 1488 dicta

151 1509 197 1558 est
215 1504 332 1569 mulier,
350 1505 399 1557 uir
418 1503 640 1559 tauroboliatus
748 1505 782 1559 28
801 1503 886 1559 traua
906 1510 1030 1574 proptor
1050 1507 1164 1559 trinita·

150 1581 211 1628 tem
229 1574 366 1629 Hecatae
383 1575 568 1629 adtributam
587 1576 749 1644 multisque
769 1591 944 1645 expressam
963 1577 1136 1630 nominibus

113 1668 118 1677 ·
204 1646 239 1699 29
258 1652 378 1700 sacrata
397 1646 479 1715 apud
493 1647 666 1700 Eleusinem
686 1647 743 1701 deo
754 1647 872 1714 Iaccho,
893 1646 996 1702 Cereri
1016 1651 1046 1700 et
1056 1645 1164 1710 Corae,

150 1721 271 1771 sacrata
290 1718 375 1787 apud
392 1717 524 1771 Lernam
544 1718 601 1771 deo
621 1717 733 1772 Libero
753 1724 783 1771 et
797 1716 899 1772 Cereri
919 1722 949 1772 et
968 1716 1073 1785 Corae,
1094 1734 1164 1772 con·

151 1804 298 1842 sacranea
318 1789 394 1842 deae
414 1788 532 1843 Cereris
551 1791 648 1842 fertur
667 1790 698 1841 in
719 1789 805 1842 titulo
825 1788 865 1842 VI
885 1789 956 1843 1780
974 1788 1035 1855 (Or.
1052 1788 1135 1844 aaut

185 1859 221 1913 30
239 1860 332 1928 uolgo
346 1875 449 1913 omnes
549 1860 582 1913 31
597 1865 665 1929 post
679 1856 863 1913 disseminas
876 1860 1053 1928 interpunxi
1067 1875 1162 1914 uersu

150 1931 316 1985 terminans
335 1931 523 1996 sententiam,
544 1937 612 1999 post
631 1931 732 1984 orbem
750 1930 878 1984 Bonada
898 1931 1052 1998 ceterique

149 2002 184 2055 33
203 1999 254 2055 eui
264 2000 452 2056 Schraderus
471 2002 600 2056 coniecit
707 2002 742 2055 34
761 2002 899 2069 exempta
911 2000 973 2055 AL.
993 2001 1164 2069 exemptam

149 2073 226 2141 lapis
307 2073 342 2126 39
359 2073 527 2142 legitimum
543 2078 608 2126 erat
623 2071 652 2126 si
665 2070 742 2126 mibi
756 2070 950 2140 superstitem
963 2073 1006 2126 sic
1019 2078 1052 2126 ut
1066 2073 1164 2126 exiret
1212 2082 1215 2088 '

149 2159 258 2197 uersus
348 2143 383 2196 42
397 2141 548 2197 consortio
559 2159 627 2198 cum
641 2145 733 2198 ceteri
747 2160 803 2213 pro
816 2145 951 2197 ablatiuo
967 2144 1109 2198 habuisse
1119 2144 1163 2196 ui·

149 2214 289 2281 deantur,
302 2216 524 2269 nominatiuum
535 2231 601 2269 esse
614 2231 815 2269 commemoro
917 2215 951 2268 51
965 2216 1074 2268 aetatis
1086 2229 1163 2269 usus

148 2285 272 2354 longam
291 2301 391 2339 rerum
407 2287 635 2355 experientiam,
656 2285 854 2340 consecrandi
873 2285 982 2339 foedus
1003 2300 1162 2339 commune

148 2357 180 2408 in
199 2358 349 2426 mysteriis
369 2359 576 2426 magisterium
597 2357 712 2411 indicat
799 2357 835 2411 58
853 2358 1035 2425 principium
1056 2370 1161 2409 seeun-

149 2428 220 2480 dum
249 2428 393 2496 reliquias
421 2428 589 2481 litterarum
623 2444 642 2482 a
669 2427 814 2482 Lerschio
844 2427 1010 2495 descriptas
1038 2426 1162 2480 uidetur

147 2496 284 2566 ere[bre]s
310 2504 363 2553 aut
388 2497 535 2567 creldeab
560 2500 662 2567 lhissc,
691 2498 731 2552 ad
755 2499 846 2551 finem
865 2498 915 2551 ille
933 2512 987 2552 uss
999 2495 1068 2551 ..ai
1086 2497 1163 2566 legit

147 2571 190 2622 ita
208 2576 243 2622 ut
260 2570 311 2623 uel
329 2568 430 2623 somni
448 2571 499 2624 uel
511 2568 613 2623 sciant
628 2572 734 2638 quinto
754 2574 882 2623 sextoue
901 2568 971 2637 pedi
990 2569 1078 2638 paria
1091 2583 1161 2621 con-

147 2641 229 2694 icias.
260 2640 425 2694 Henaenus
447 2642 576 2695 caldasa
588 2681 594 2695 .
606 2682 612 2694 .
624 2657 658 2695 ,ο
677 2645 707 2695 et
725 2643 757 2694 in
776 2640 836 2694 fine
854 2655 892 2693 as
903 2680 909 2693 .
919 2637 955 2693 ai
965 2679 971 2693 .
983 2680 989 2692 .
1000 2640 1076 2692 haec
1094 2639 1160 2692 fere

147 2711 322 2765 delineauit.
351 2712 453 2780 plures
466 2718 627 2781 praeterea
645 2727 753 2766 uersus
772 2712 848 2765 haec
867 2726 939 2780 pars
956 2726 1019 2766 non
1037 2710 1162 2763 uidetur

147 2782 298 2850 hahuisse,
318 2798 393 2853 ergo
414 2783 537 2837 dimidio
558 2784 658 2837 minus
677 2798 767 2851 quam
788 2783 910 2837 sinistra

620 2963 683 3026 112

146 3101 253 3169 Seiius
275 3101 451 3168 Fundanus
473 3102 607 3166 nutriuit
629 3109 722 3168 natos
745 3102 809 3167 duo

146 3208 179 3274 in
201 3213 305 3295 prima
328 3215 435 3275 aetate
459 3228 500 3274 ex
524 3209 685 3275 Germana
709 3209 847 3292 coniuga

146 3317 178 3380 in
202 3315 349 3399 studiisq.
372 3315 460 3380 misit
483 3321 517 3380 et
538 3314 676 3380 honores
699 3315 819 3379 tribuit.

146 3429 219 3507 post
242 3428 350 3488 tantos
374 3427 518 3506 sumptus
541 3441 604 3486 non
626 3419 742 3486 tiuitus
763 3418 891 3485 nemine

121 3528 303 3594 sfunerauit
325 3535 420 3595 natos
443 3535 476 3593 et
500 3527 583 3593 hanc
606 3526 714 3611 coepit
737 3546 846 3612 opera.

198 3631 302 3677 anthol.
316 3631 360 3677 at.
373 3633 399 3675 11
973 3630 990 3686 5
