2646 3884
151 151 189 207 42
616 168 706 208 rrum

639 316 680 380 81

153 436 181 503 Ο
205 443 326 519 quanta
348 437 454 523 pietas
476 439 581 505 fuerat
604 441 637 505 in
660 440 724 505 btc
746 439 975 523 adulescentia,

151 543 233 609 fides
256 565 345 609 amor
367 566 478 612 sensus
500 547 604 632 pudor
627 553 659 612 et
682 546 846 612 sanctitas.

152 649 229 718 Noli
253 650 372 735 dolere,
396 654 510 737 amica,
535 659 684 719 euentum
707 673 828 721 meum:

152 759 338 843 properauit
361 766 462 842 aetas,
487 759 549 824 boe
572 758 662 824 dedit
685 759 785 826 Fatus
807 759 895 824 mibi.

224 900 296 957 CIL.
317 902 358 957 VI
376 902 455 956 4379.
492 901 554 956 AL.
573 901 739 956 Burmanni
757 901 799 957 IV
817 903 860 969 71,
879 901 993 971 Meyeri
1013 901 1083 955 1215

152 971 268 1028 Romae
294 975 326 1027 in
350 978 545 1028 monumento
570 974 704 1027 familiae
723 972 896 1028 Germanici
914 973 965 1027 uel
984 971 1029 1026 Ti.
1049 970 1167 1027 Claudii

153 1049 262 1113 postea
280 1042 414 1115 Augusti
432 1046 514 1112 facti,
536 1046 626 1114 periit
757 1046 977 1115 praescriptum
999 1040 1106 1098 Clodia
1125 1041 1169 1096 M.

153 1115 172 1167 l.
191 1114 341 1170 Secunda.
374 1117 512 1185 exemplo
531 1116 624 1169 iambi
644 1117 732 1170 fuere
750 1116 924 1186 graecanici

226 1187 238 1238 l
261 1201 370 1241 uersus
389 1187 522 1257 postulat
538 1185 603 1256 fuit
620 1185 655 1240 ia
674 1188 730 1242 bae
749 1188 884 1241 aetatula
902 1192 956 1240 aut
972 1186 1078 1255 fuerat
1095 1183 1169 1241 duic

148 1256 306 1325 puellulae
414 1258 432 1311 2
455 1259 560 1312 debuit
580 1273 646 1312 csse
666 1274 834 1329 censusque
853 1259 904 1312 uel
918 1257 1084 1327 pudorque

153 1329 171 1381 3
190 1343 212 1381 s.
232 1329 397 1398 respondet
414 1334 534 1383 mortua
554 1329 676 1396 dolenti,
696 1330 903 1398 compluribus
922 1329 997 1382 haec
1016 1328 1167 1382 sententia

153 1402 357 1453 monumentis
374 1401 520 1469 inscripta
536 1415 615 1469 quae
634 1417 705 1455 mox
725 1400 875 1466 indicabo,
895 1400 1062 1469 principale
1078 1401 1110 1452 in
1129 1413 1168 1453 ea

153 1483 265 1524 nomen
284 1471 343 1524 fuit
360 1472 459 1524 mater

639 1580 682 1644 82

153 1704 280 1789 Hospes
303 1702 416 1770 resiste
439 1710 472 1769 et
494 1704 648 1769 tumulum
673 1704 854 1789 contempla
876 1723 991 1785 meum,

153 1809 289 1894 mora[re
312 1810 477 1894 gressu]m,
501 1811 625 1876 litteras
647 1810 785 1895 nos[tras
807 1810 891 1894 lege.

153 1916 271 1982 mando
295 1924 327 1982 et
350 1924 380 1983 st
407 1967 560 1982 .....
584 1918 705 1983 salter
753 1967 760 1982 .
831 1966 838 1981 .
908 1967 916 1982 .

155 2073 627 2089 ......
684 2024 828 2108 legem.
898 2073 906 2088 .

129 2154 161 2195 a.
248 2136 354 2196 ‚tus
376 2131 476 2213 aliqui
529 2181 535 2196 .
621 2180 628 2196 .
713 2180 721 2195 .
805 2130 894 2196 facit.

154 2237 281 2302 titulum
303 2237 427 2302 intuere
450 2238 613 2323 scriptum,
638 2257 701 2319 qno
724 2237 792 2302 tato
815 2235 930 2303 occidi.

153 2363 279 2409 rumore
302 2351 413 2409 sancto
438 2344 548 2428 Ilyrici
570 2344 662 2413 iaceo
685 2344 719 2408 in
742 2345 821 2410 solo.

153 2450 286 2516 infunde
309 2451 477 2534 lacrumas,
502 2452 646 2533 quisquis
669 2471 713 2534 es,
739 2450 838 2534 [mihi]
861 2449 1052 2516 misericors.

153 2564 262 2622 aetate
286 2556 425 2641 [cuncta]
449 2558 634 2625 ceciderunt
656 2578 780 2624 mecum
806 2556 917 2641 [breui.

113 2663 267 2747 1oae]qno
292 2666 397 2729 animo
420 2665 495 2729 niue
518 2665 617 2731 uitam
643 2664 771 2749 [quoad]
796 2662 864 2729 ficri
888 2663 1006 2749 [potest

227 2911 300 2967 CIL.
313 2912 357 2966 III
371 2912 442 2967 6416
550 2927 646 2982 prope
655 2911 792 2966 Burnum
807 2913 976 2967 Delmatiae
995 2913 1171 2981 fragmenta

157 2984 246 3038 simul
270 2984 381 3038 effossa
406 2990 435 3038 et
460 2991 495 3038 ut
518 2986 686 3053 scripturae
706 2984 868 3038 similitudo
887 2985 1036 3051 metrique
1054 2982 1170 3036 indicat

156 3056 227 3110 elim
251 3056 446 3109 cohaerentia
583 3055 738 3125 praecedit
763 3055 797 3108 P.
817 3052 981 3122 Panaima]
1007 3051 1076 3108 Ani.
1104 3051 1171 3108 Cre·

153 3142 268 3211 moute)
279 3159 323 3213 eq.
336 3145 391 3214 lep.
406 3145 455 3198 XI
469 3161 520 3198 aa.
533 3144 642 3197 XXIX
652 3142 722 3213 stip.
736 3145 814 3198 X11:
833 3143 902 3208 lutici
916 3141 1016 3207 uitae)
1030 3142 1096 3206 etet)
1106 3141 1131 3210 f.
1142 3141 1169 3209 f.

148 3230 218 3284 pes.
238 3215 280 3278 (id
304 3221 349 3269 est
367 3215 551 3270 Mommseno
571 3217 736 3285 interprete
758 3213 818 3284 filit
838 3213 949 3284 filiaeq.
965 3227 1096 3281 posuere
1115 3217 1171 3266 aut

151 3286 254 3355 frater
269 3286 368 3355 frutra
386 3285 512 3355 posuit).
546 3286 697 3356 Augustei
721 3288 786 3341 fere
811 3288 880 3341 aeui
900 3283 1019 3339 titulum
1039 3299 1105 3337 esse
1123 3298 1172 3336 ar·

153 3358 257 3423 bitror,
279 3365 362 3412 certe
380 3366 451 3413 ante
469 3359 629 3413 Claudium
653 3359 799 3427 scriptum
818 3360 870 3426 qui
895 3355 1009 3425 legioni
1028 3370 1109 3408 anno
1132 3353 1171 3407 42

154 3444 301 3555 gpprgissa
330 3427 521 3484 Scriboniani
553 3429 702 3484 seditione
729 3428 851 3498 Illyrica
879 3441 1050 3497 cognomen
1085 3425 1171 3480 dedit

189 3515 230 3554 au
263 3516 301 3554 ae

226 3573 242 3625 1
262 3573 305 3627 sic
317 3588 372 3643 pro
386 3573 588 3641 contemplare
601 3573 718 3640 antiqui
734 3571 817 3625 haud
834 3583 903 3624 raro
920 3568 1026 3623 dixere
1041 3568 1170 3633 (Nonius
