<?xml version="1.0" encoding="UTF-8"?>
<!DOCTYPE html PUBLIC "-//W3C//DTD XHTML 1.0 Transitional//EN"
    "http://www.w3.org/TR/xhtml1/DTD/xhtml1-transitional.dtd">
<html xmlns="http://www.w3.org/1999/xhtml" xml:lang="en" lang="en">
 <head>
  <title>
</title>
<meta http-equiv="Content-Type" content="text/html;charset=utf-8" />
  <meta name='ocr-system' content='tesseract 3.04.00' />
  <meta name='ocr-capabilities' content='ocr_page ocr_carea ocr_par ocr_line ocrx_word'/>
</head>
<body>
  <div class='ocr_page' id='page_1' title='image "./anthologialatin00lommgoog_0186.png"; bbox 0 0 2644 3884; ppageno 0'>
   <div class='ocr_carea' id='block_1_1' title="bbox 131 899 144 938">
    <p class='ocr_par' dir='ltr' id='par_1_1' title="bbox 131 899 144 938">
     <span class='ocr_line' id='line_1_1' title="bbox 131 899 144 938; baseline 0 0"><span class='ocrx_word' id='word_1_1' title='bbox 131 899 144 938; x_wconf 80' lang='lat'><strong>5</strong></span> 
     </span>
    </p>
   </div>
   <div class='ocr_carea' id='block_1_2' title="bbox 119 1431 147 1470">
    <p class='ocr_par' dir='ltr' id='par_1_2' title="bbox 119 1431 147 1470">
     <span class='ocr_line' id='line_1_2' title="bbox 119 1431 147 1470; baseline 0 0"><span class='ocrx_word' id='word_1_2' title='bbox 119 1431 147 1470; x_wconf 85' lang='lat'>10</span> 
     </span>
    </p>
   </div>
   <div class='ocr_carea' id='block_1_3' title="bbox 571 157 759 197">
    <p class='ocr_par' dir='ltr' id='par_1_3' title="bbox 571 157 759 197">
     <span class='ocr_line' id='line_1_3' title="bbox 571 157 759 197; baseline 0.005 -1"><span class='ocrx_word' id='word_1_3' title='bbox 571 157 759 197; x_wconf 76' lang='grc' dir='ltr'><strong>ΗΕΧΑΜΕΤΒΙ</strong></span> 
     </span>
    </p>
   </div>
   <div class='ocr_carea' id='block_1_4' title="bbox 631 322 697 386">
    <p class='ocr_par' dir='ltr' id='par_1_4' title="bbox 631 322 697 386">
     <span class='ocr_line' id='line_1_4' title="bbox 631 322 697 386; baseline 0 0"><span class='ocrx_word' id='word_1_4' title='bbox 631 322 697 386; x_wconf 78' lang='grc'>299</span> 
     </span>
    </p>
   </div>
   <div class='ocr_carea' id='block_1_5' title="bbox 153 446 1083 1385">
    <p class='ocr_par' dir='ltr' id='par_1_5' title="bbox 153 446 1083 1286">
     <span class='ocr_line' id='line_1_5' title="bbox 154 446 919 530; baseline -0.003 -17"><span class='ocrx_word' id='word_1_5' title='bbox 154 448 234 526; x_wconf 78' lang='lat' dir='ltr'>Quis</span> <span class='ocrx_word' id='word_1_6' title='bbox 257 448 329 530; x_wconf 87' lang='lat' dir='ltr'>quie</span> <span class='ocrx_word' id='word_1_7' title='bbox 352 447 454 513; x_wconf 90' lang='lat' dir='ltr'>ardua</span> <span class='ocrx_word' id='word_1_8' title='bbox 477 447 610 512; x_wconf 86' lang='lat' dir='ltr'>tmrium</span> <span class='ocrx_word' id='word_1_9' title='bbox 632 447 757 512; x_wconf 87' lang='lat' dir='ltr'>miraris</span> <span class='ocrx_word' id='word_1_10' title='bbox 781 446 919 511; x_wconf 89' lang='lat' dir='ltr'>culmina</span> 
     </span>
     <span class='ocr_line' id='line_1_6' title="bbox 153 553 944 638; baseline -0.004 -19"><span class='ocrx_word' id='word_1_11' title='bbox 153 555 380 636; x_wconf 89' lang='lat' dir='ltr'>uestibulumq.</span> <span class='ocrx_word' id='word_1_12' title='bbox 403 554 491 619; x_wconf 88' lang='lat' dir='ltr'>urbis</span> <span class='ocrx_word' id='word_1_13' title='bbox 515 553 635 638; x_wconf 85' lang='lat' dir='ltr'>duplici</span> <span class='ocrx_word' id='word_1_14' title='bbox 658 560 753 638; x_wconf 88' lang='lat' dir='ltr'>porta</span> <span class='ocrx_word' id='word_1_15' title='bbox 775 553 944 636; x_wconf 84' lang='lat' dir='ltr'>firmatum,</span> 
     </span>
     <span class='ocr_line' id='line_1_7' title="bbox 155 660 807 746; baseline 0 -20"><span class='ocrx_word' id='word_1_16' title='bbox 155 661 271 727; x_wconf 78' lang='lat' dir='ltr'>dextm</span> <span class='ocrx_word' id='word_1_17' title='bbox 293 661 399 744; x_wconf 86' lang='lat' dir='ltr'>leuaq.</span> <span class='ocrx_word' id='word_1_18' title='bbox 423 660 516 726; x_wconf 89' lang='lat' dir='ltr'>binos</span> <span class='ocrx_word' id='word_1_19' title='bbox 539 661 681 746; x_wconf 89' lang='lat' dir='ltr'>porticos</span> <span class='ocrx_word' id='word_1_20' title='bbox 705 680 807 742; x_wconf 86' lang='lat' dir='ltr'>arcos,</span> 
     </span>
     <span class='ocr_line' id='line_1_8' title="bbox 155 768 1083 852; baseline -0.003 -19"><span class='ocrx_word' id='word_1_21' title='bbox 155 768 270 851; x_wconf 89' lang='lat' dir='ltr'>quibus</span> <span class='ocrx_word' id='word_1_22' title='bbox 293 787 441 852; x_wconf 88' lang='lat' dir='ltr'>superum</span> <span class='ocrx_word' id='word_1_23' title='bbox 464 768 594 852; x_wconf 88' lang='lat' dir='ltr'>ponitur</span> <span class='ocrx_word' id='word_1_24' title='bbox 617 787 745 832; x_wconf 90' lang='lat' dir='ltr'>camera</span> <span class='ocrx_word' id='word_1_25' title='bbox 769 786 867 832; x_wconf 87' lang='lat' dir='ltr'>curua</span> <span class='ocrx_word' id='word_1_26' title='bbox 892 786 1083 850; x_wconf 60' lang='lat' dir='ltr'>conuenae:</span> 
     </span>
     <span class='ocr_line' id='line_1_9' title="bbox 155 873 844 958; baseline -0.001 -18"><span class='ocrx_word' id='word_1_27' title='bbox 155 874 377 940; x_wconf 82' lang='lat' dir='ltr'>ComencIolus</span> <span class='ocrx_word' id='word_1_28' title='bbox 400 875 447 939; x_wconf 87' lang='lat' dir='ltr'>sic</span> <span class='ocrx_word' id='word_1_29' title='bbox 471 873 552 939; x_wconf 90' lang='lat' dir='ltr'>haee</span> <span class='ocrx_word' id='word_1_30' title='bbox 575 874 665 939; x_wconf 88' lang='lat' dir='ltr'>iussit</span> <span class='ocrx_word' id='word_1_31' title='bbox 688 874 844 958; x_wconf 87' lang='lat' dir='ltr'>patricius</span> 
     </span>
     <span class='ocr_line' id='line_1_10' title="bbox 155 979 1046 1065; baseline -0.002 -19"><span class='ocrx_word' id='word_1_32' title='bbox 155 981 270 1046; x_wconf 87' lang='lat' dir='ltr'>missus</span> <span class='ocrx_word' id='word_1_33' title='bbox 293 1002 313 1046; x_wconf 87' lang='lat' dir='ltr'>a</span> <span class='ocrx_word' id='word_1_34' title='bbox 335 981 491 1045; x_wconf 81' lang='lat' dir='ltr'>Mauricio</span> <span class='ocrx_word' id='word_1_35' title='bbox 515 981 598 1065; x_wconf 81' lang='lat' dir='ltr'>Aug.</span> <span class='ocrx_word' id='word_1_36' title='bbox 624 986 735 1046; x_wconf 90' lang='lat' dir='ltr'>contra</span> <span class='ocrx_word' id='word_1_37' title='bbox 759 979 867 1045; x_wconf 86' lang='lat' dir='ltr'>hostes</span> <span class='ocrx_word' id='word_1_38' title='bbox 891 980 1046 1046; x_wconf 85' lang='lat' dir='ltr'>barbaros</span> 
     </span>
     <span class='ocr_line' id='line_1_11' title="bbox 155 1086 968 1171; baseline -0.001 -19"><span class='ocrx_word' id='word_1_39' title='bbox 155 1107 291 1171; x_wconf 82' lang='lat' dir='ltr'>magnus</span> <span class='ocrx_word' id='word_1_40' title='bbox 313 1086 432 1152; x_wconf 90' lang='lat' dir='ltr'>uirtute</span> <span class='ocrx_word' id='word_1_41' title='bbox 455 1087 610 1171; x_wconf 82' lang='lat' dir='ltr'>magister</span> <span class='ocrx_word' id='word_1_42' title='bbox 632 1087 792 1166; x_wconf 81' lang='lat' dir='ltr'>mil(itum)</span> <span class='ocrx_word' id='word_1_43' title='bbox 818 1086 968 1170; x_wconf 84' lang='lat' dir='ltr'>Spaniae.</span> 
     </span>
     <span class='ocr_line' id='line_1_12' title="bbox 157 1189 977 1286; baseline -0.001 -28"><span class='ocrx_word' id='word_1_44' title='bbox 157 1189 159 1193; x_wconf 77' lang='grc'><strong>’</strong></span> <span class='ocrx_word' id='word_1_45' title='bbox 200 1195 247 1258; x_wconf 90' lang='lat' dir='ltr'>sic</span> <span class='ocrx_word' id='word_1_46' title='bbox 271 1213 396 1278; x_wconf 81' lang='lat' dir='ltr'><strong>semper</strong></span> <span class='ocrx_word' id='word_1_47' title='bbox 418 1193 576 1286; x_wconf 82' lang='lat' dir='ltr'>Hispania</span> <span class='ocrx_word' id='word_1_48' title='bbox 599 1192 657 1257; x_wconf 89' lang='lat' dir='ltr'>tali</span> <span class='ocrx_word' id='word_1_49' title='bbox 681 1198 806 1257; x_wconf 90' lang='lat' dir='ltr'>rectore</span> <span class='ocrx_word' id='word_1_50' title='bbox 831 1192 977 1274; x_wconf 86' lang='lat' dir='ltr'>laetetur,</span> 
     </span>
    </p>

    <p class='ocr_par' dir='ltr' id='par_1_6' title="bbox 201 1297 1018 1385">
     <span class='ocr_line' id='line_1_13' title="bbox 201 1297 1018 1385; baseline 0 -21"><span class='ocrx_word' id='word_1_51' title='bbox 201 1299 275 1364; x_wconf 94' lang='lat' dir='ltr'>dum</span> <span class='ocrx_word' id='word_1_52' title='bbox 299 1300 365 1385; x_wconf 92' lang='lat' dir='ltr'>poli</span> <span class='ocrx_word' id='word_1_53' title='bbox 389 1306 534 1364; x_wconf 91' lang='lat' dir='ltr'>rotantur</span> <span class='ocrx_word' id='word_1_54' title='bbox 557 1297 664 1381; x_wconf 89' lang='lat' dir='ltr'>dumq.</span> <span class='ocrx_word' id='word_1_55' title='bbox 689 1299 737 1363; x_wconf 88' lang='lat' dir='ltr'>sol</span> <span class='ocrx_word' id='word_1_56' title='bbox 761 1298 1018 1365; x_wconf 79' lang='lat' dir='ltr'>circuitcrbem.</span> 
     </span>
    </p>
   </div>
   <div class='ocr_carea' id='block_1_6' title="bbox 375 1404 1119 1489">
    <p class='ocr_par' dir='ltr' id='par_1_7' title="bbox 375 1404 1119 1489">
     <span class='ocr_line' id='line_1_14' title="bbox 375 1404 1119 1489; baseline 0.003 -19"><span class='ocrx_word' id='word_1_57' title='bbox 375 1409 485 1488; x_wconf 72' lang='lat' dir='ltr'>anulo)</span> <span class='ocrx_word' id='word_1_58' title='bbox 509 1406 590 1470; x_wconf 92' lang='lat' dir='ltr'>VIII</span> <span class='ocrx_word' id='word_1_59' title='bbox 613 1406 779 1489; x_wconf 79' lang='lat' dir='ltr'>Aug(usti)</span> <span class='ocrx_word' id='word_1_60' title='bbox 803 1404 1005 1487; x_wconf 88' lang='lat' dir='ltr'>ind(icticne)</span> <span class='ocrx_word' id='word_1_61' title='bbox 1029 1406 1119 1472; x_wconf 93' lang='lat' dir='ltr'>VIII.</span> 
     </span>
    </p>
   </div>
   <div class='ocr_carea' id='block_1_7' title="bbox 151 1582 1172 2292">
    <p class='ocr_par' dir='ltr' id='par_1_8' title="bbox 156 1582 1172 2064">
     <span class='ocr_line' id='line_1_15' title="bbox 227 1582 1171 1652; baseline 0 -16"><span class='ocrx_word' id='word_1_62' title='bbox 227 1583 374 1637; x_wconf 89' lang='lat' dir='ltr'>Huebner</span> <span class='ocrx_word' id='word_1_63' title='bbox 392 1584 480 1637; x_wconf 90' lang='lat' dir='ltr'>inscr.</span> <span class='ocrx_word' id='word_1_64' title='bbox 500 1582 585 1652; x_wconf 89' lang='lat' dir='ltr'>Hisp.</span> <span class='ocrx_word' id='word_1_65' title='bbox 606 1583 705 1636; x_wconf 82' lang='lat' dir='ltr'>christ.</span> <span class='ocrx_word' id='word_1_66' title='bbox 726 1583 778 1637; x_wconf 80' lang='lat'>176</span> <span class='ocrx_word' id='word_1_67' title='bbox 798 1583 837 1636; x_wconf 86' lang='lat' dir='ltr'>ad</span> <span class='ocrx_word' id='word_1_68' title='bbox 857 1589 999 1652; x_wconf 88' lang='lat' dir='ltr'>ectypum</span> <span class='ocrx_word' id='word_1_69' title='bbox 1102 1582 1171 1639; x_wconf 86' lang='lat' dir='ltr'>Car-</span> 
     </span>
     <span class='ocr_line' id='line_1_16' title="bbox 156 1653 1172 1723; baseline 0 -15"><span class='ocrx_word' id='word_1_70' title='bbox 156 1655 283 1723; x_wconf 82' lang='lat' dir='ltr'>thagine</span> <span class='ocrx_word' id='word_1_71' title='bbox 301 1654 386 1722; x_wconf 87' lang='lat' dir='ltr'>Hisp.</span> <span class='ocrx_word' id='word_1_72' title='bbox 482 1656 580 1708; x_wconf 89' lang='lat' dir='ltr'>crucis</span> <span class='ocrx_word' id='word_1_73' title='bbox 599 1656 688 1723; x_wconf 85' lang='lat' dir='ltr'>signo</span> <span class='ocrx_word' id='word_1_74' title='bbox 709 1653 791 1723; x_wconf 91' lang='lat' dir='ltr'>quod</span> <span class='ocrx_word' id='word_1_75' title='bbox 810 1655 930 1707; x_wconf 90' lang='lat' dir='ltr'>initium</span> <span class='ocrx_word' id='word_1_76' title='bbox 949 1666 994 1709; x_wconf 89' lang='lat' dir='ltr'>est</span> <span class='ocrx_word' id='word_1_77' title='bbox 1012 1655 1172 1709; x_wconf 82' lang='lat' dir='ltr'>Inhaerent</span> 
     </span>
     <span class='ocr_line' id='line_1_17' title="bbox 156 1716 1172 1794; baseline -0.001 -15"><span class='ocrx_word' id='word_1_78' title='bbox 156 1726 276 1779; x_wconf 84' lang='lat' dir='ltr'>litterae</span> <span class='ocrx_word' id='word_1_79' title='bbox 295 1725 466 1794; x_wconf 82' lang='lat' dir='ltr'>singulares</span> <span class='ocrx_word' id='word_1_80' title='bbox 486 1726 595 1779; x_wconf 79' lang='lat' dir='ltr'>Incerti</span> <span class='ocrx_word' id='word_1_81' title='bbox 614 1726 803 1794; x_wconf 80' lang='lat' dir='ltr'>sIgnificatus</span> <span class='ocrx_word' id='word_1_82' title='bbox 823 1740 851 1794; x_wconf 81' lang='lat' dir='ltr'>q.</span> <span class='ocrx_word' id='word_1_83' title='bbox 870 1742 895 1778; x_wconf 78' lang='lat' dir='ltr'>r.</span> <span class='ocrx_word' id='word_1_84' title='bbox 916 1741 943 1778; x_wconf 85' lang='grc' dir='ltr'>α,</span> <span class='ocrx_word' id='word_1_85' title='bbox 979 1741 1078 1780; x_wconf 89' lang='lat' dir='ltr'>annue</span> <span class='ocrx_word' id='word_1_86' title='bbox 1097 1716 1172 1778; x_wconf 84' lang='lat' dir='ltr'>indi-</span> 
     </span>
     <span class='ocr_line' id='line_1_18' title="bbox 157 1795 1172 1865; baseline 0 -15"><span class='ocrx_word' id='word_1_87' title='bbox 157 1802 244 1850; x_wconf 89' lang='lat' dir='ltr'>catur</span> <span class='ocrx_word' id='word_1_88' title='bbox 257 1795 367 1865; x_wconf 71' lang='lat' dir='ltr'>sessus.</span> <span class='ocrx_word' id='word_1_89' title='bbox 399 1795 619 1850; x_wconf 70' lang='lat' dir='ltr'>domentiolum</span> <span class='ocrx_word' id='word_1_90' title='bbox 632 1797 803 1850; x_wconf 84' lang='lat' dir='ltr'>scribonem</span> <span class='ocrx_word' id='word_1_91' title='bbox 814 1797 953 1849; x_wconf 89' lang='lat' dir='ltr'>comitem</span> <span class='ocrx_word' id='word_1_92' title='bbox 965 1796 1071 1851; x_wconf 91' lang='lat' dir='ltr'>ducem</span> <span class='ocrx_word' id='word_1_93' title='bbox 1087 1812 1172 1851; x_wconf 88' lang='lat' dir='ltr'>exer·</span> 
     </span>
     <span class='ocr_line' id='line_1_19' title="bbox 158 1866 1172 1936; baseline 0.001 -15"><span class='ocrx_word' id='word_1_94' title='bbox 158 1870 236 1921; x_wconf 83' lang='lat' dir='ltr'>citus</span> <span class='ocrx_word' id='word_1_95' title='bbox 254 1867 399 1921; x_wconf 84' lang='lat' dir='ltr'>historiae</span> <span class='ocrx_word' id='word_1_96' title='bbox 418 1867 504 1921; x_wconf 91' lang='lat' dir='ltr'>uelut</span> <span class='ocrx_word' id='word_1_97' title='bbox 514 1866 735 1936; x_wconf 80' lang='lat' dir='ltr'>Theophylacti</span> <span class='ocrx_word' id='word_1_98' title='bbox 754 1868 794 1936; x_wconf 91' lang='lat' dir='ltr'>(p.</span> <span class='ocrx_word' id='word_1_99' title='bbox 807 1866 860 1920; x_wconf 82' lang='lat'>332</span> <span class='ocrx_word' id='word_1_100' title='bbox 870 1882 893 1920; x_wconf 90' lang='lat' dir='ltr'>s.</span> <span class='ocrx_word' id='word_1_101' title='bbox 907 1866 945 1920; x_wconf 89' lang='lat' dir='ltr'>de</span> <span class='ocrx_word' id='word_1_102' title='bbox 955 1866 1048 1934; x_wconf 81' lang='lat' dir='ltr'>Boor)</span> <span class='ocrx_word' id='word_1_103' title='bbox 1062 1883 1172 1922; x_wconf 91' lang='lat' dir='ltr'>memo·</span> 
     </span>
     <span class='ocr_line' id='line_1_20' title="bbox 156 1938 1172 2008; baseline 0 -17"><span class='ocrx_word' id='word_1_104' title='bbox 156 1946 234 2006; x_wconf 88' lang='lat' dir='ltr'>rant,</span> <span class='ocrx_word' id='word_1_105' title='bbox 253 1938 449 2007; x_wconf 83' lang='lat' dir='ltr'>Hispanieam</span> <span class='ocrx_word' id='word_1_106' title='bbox 469 1939 534 1992; x_wconf 92' lang='lat' dir='ltr'>eius</span> <span class='ocrx_word' id='word_1_107' title='bbox 549 1938 775 2007; x_wconf 85' lang='lat' dir='ltr'>expeditionem</span> <span class='ocrx_word' id='word_1_108' title='bbox 787 1939 974 2008; x_wconf 82' lang='lat' dir='ltr'>ignoramus.</span> <span class='ocrx_word' id='word_1_109' title='bbox 1003 1939 1172 1993; x_wconf 85' lang='lat' dir='ltr'>hexametri</span> 
     </span>
     <span class='ocr_line' id='line_1_21' title="bbox 156 2009 583 2064; baseline -0.002 -1"><span class='ocrx_word' id='word_1_110' title='bbox 156 2011 222 2064; x_wconf 88' lang='lat' dir='ltr'>sine</span> <span class='ocrx_word' id='word_1_111' title='bbox 242 2009 334 2063; x_wconf 89' lang='lat' dir='ltr'>dubio</span> <span class='ocrx_word' id='word_1_112' title='bbox 354 2024 462 2063; x_wconf 88' lang='lat' dir='ltr'>uersus</span> <span class='ocrx_word' id='word_1_113' title='bbox 482 2009 499 2062; x_wconf 89' lang='lat'>8</span> <span class='ocrx_word' id='word_1_114' title='bbox 518 2014 548 2063; x_wconf 87' lang='lat' dir='ltr'>et</span> <span class='ocrx_word' id='word_1_115' title='bbox 566 2009 583 2062; x_wconf 83' lang='lat'><strong>9</strong></span> 
     </span>
    </p>

    <p class='ocr_par' dir='ltr' id='par_1_9' title="bbox 151 2078 1172 2292">
     <span class='ocr_line' id='line_1_22' title="bbox 227 2078 1172 2149; baseline 0 -15"><span class='ocrx_word' id='word_1_116' title='bbox 227 2080 245 2134; x_wconf 85' lang='lat'>4</span> <span class='ocrx_word' id='word_1_117' title='bbox 263 2078 431 2149; x_wconf 66' lang='lat' dir='ltr'>superimp.</span> <span class='ocrx_word' id='word_1_118' title='bbox 450 2082 531 2133; x_wconf 88' lang='lat' dir='ltr'>mala</span> <span class='ocrx_word' id='word_1_119' title='bbox 550 2081 799 2149; x_wconf 89' lang='lat' dir='ltr'>pronuntiatione</span> <span class='ocrx_word' id='word_1_120' title='bbox 818 2085 968 2135; x_wconf 87' lang='lat' dir='ltr'>mutatum</span> <span class='ocrx_word' id='word_1_121' title='bbox 1069 2082 1086 2135; x_wconf 87' lang='lat'>8</span> <span class='ocrx_word' id='word_1_122' title='bbox 1105 2096 1172 2149; x_wconf 91' lang='lat' dir='ltr'>pro·</span> 
     </span>
     <span class='ocr_line' id='line_1_23' title="bbox 155 2149 1172 2221; baseline -0.001 -16"><span class='ocrx_word' id='word_1_123' title='bbox 155 2152 358 2205; x_wconf 89' lang='lat' dir='ltr'>nuntiandum</span> <span class='ocrx_word' id='word_1_124' title='bbox 370 2149 491 2220; x_wconf 80' lang='lat' dir='ltr'>Spania</span> <span class='ocrx_word' id='word_1_125' title='bbox 591 2152 608 2205; x_wconf 83' lang='grc'><strong>9</strong></span> <span class='ocrx_word' id='word_1_126' title='bbox 627 2167 665 2205; x_wconf 88' lang='lat' dir='ltr'>ex</span> <span class='ocrx_word' id='word_1_127' title='bbox 675 2151 851 2221; x_wconf 87' lang='lat' dir='ltr'>Vergiliano</span> <span class='ocrx_word' id='word_1_128' title='bbox 867 2152 960 2220; x_wconf 83' lang='lat' dir='ltr'>polus</span> <span class='ocrx_word' id='word_1_129' title='bbox 974 2152 1048 2206; x_wconf 83' lang='lat' dir='ltr'>dum</span> <span class='ocrx_word' id='word_1_130' title='bbox 1067 2149 1172 2206; x_wconf 69' lang='lat' dir='ltr'>sidera</span> 
     </span>
     <span class='ocr_line' id='line_1_24' title="bbox 151 2221 1172 2292; baseline 0 -16"><span class='ocrx_word' id='word_1_131' title='bbox 151 2226 260 2291; x_wconf 80' lang='lat' dir='ltr'>pascet</span> <span class='ocrx_word' id='word_1_132' title='bbox 272 2223 324 2277; x_wconf 90' lang='lat' dir='ltr'>uel</span> <span class='ocrx_word' id='word_1_133' title='bbox 340 2221 526 2278; x_wconf 87' lang='lat' dir='ltr'>Claudianeo</span> <span class='ocrx_word' id='word_1_134' title='bbox 545 2221 585 2290; x_wconf 93' lang='grc' dir='ltr'>(ΙΙ</span> <span class='ocrx_word' id='word_1_135' title='bbox 598 2224 630 2276; x_wconf 92' lang='lat' dir='ltr'>in</span> <span class='ocrx_word' id='word_1_136' title='bbox 642 2222 712 2276; x_wconf 83' lang='lat' dir='ltr'>Rus.</span> <span class='ocrx_word' id='word_1_137' title='bbox 722 2223 785 2286; x_wconf 77' lang='lat'>527)</span> <span class='ocrx_word' id='word_1_138' title='bbox 799 2223 874 2276; x_wconf 81' lang='lat' dir='ltr'>dum</span> <span class='ocrx_word' id='word_1_139' title='bbox 886 2225 968 2277; x_wconf 82' lang='lat' dir='ltr'>rotat</span> <span class='ocrx_word' id='word_1_140' title='bbox 983 2226 1069 2276; x_wconf 81' lang='lat' dir='ltr'>astra</span> <span class='ocrx_word' id='word_1_141' title='bbox 1079 2223 1172 2292; x_wconf 83' lang='lat' dir='ltr'>polus</span> 
     </span>
    </p>
   </div>
   <div class='ocr_carea' id='block_1_8' title="bbox 628 2509 694 2572">
    <p class='ocr_par' dir='ltr' id='par_1_10' title="bbox 628 2509 694 2572">
     <span class='ocr_line' id='line_1_25' title="bbox 628 2509 694 2572; baseline -0.015 0"><span class='ocrx_word' id='word_1_142' title='bbox 628 2509 694 2572; x_wconf 89' lang='lat'>300</span> 
     </span>
    </p>
   </div>
   <div class='ocr_carea' id='block_1_9' title="bbox 155 2630 1133 2804">
    <p class='ocr_par' dir='ltr' id='par_1_11' title="bbox 155 2630 1133 2804">
     <span class='ocr_line' id='line_1_26' title="bbox 157 2630 1133 2717; baseline 0.001 -21"><span class='ocrx_word' id='word_1_143' title='bbox 157 2630 250 2709; x_wconf 80' lang='lat' dir='ltr'>Quod</span> <span class='ocrx_word' id='word_1_144' title='bbox 275 2630 357 2697; x_wconf 90' lang='lat' dir='ltr'>duce</span> <span class='ocrx_word' id='word_1_145' title='bbox 379 2637 413 2697; x_wconf 90' lang='lat' dir='ltr'>tc</span> <span class='ocrx_word' id='word_1_146' title='bbox 435 2631 573 2698; x_wconf 90' lang='lat' dir='ltr'>mundus</span> <span class='ocrx_word' id='word_1_147' title='bbox 597 2633 735 2697; x_wconf 84' lang='lat' dir='ltr'>surrexit</span> <span class='ocrx_word' id='word_1_148' title='bbox 758 2631 791 2696; x_wconf 92' lang='lat' dir='ltr'>in</span> <span class='ocrx_word' id='word_1_149' title='bbox 815 2638 902 2696; x_wconf 91' lang='lat' dir='ltr'>astra</span> <span class='ocrx_word' id='word_1_150' title='bbox 926 2630 1133 2717; x_wconf 86' lang='lat' dir='ltr'>triumphans,</span> 
     </span>
     <span class='ocr_line' id='line_1_27' title="bbox 155 2737 1005 2804; baseline 0.002 -2"><span class='ocrx_word' id='word_1_151' title='bbox 155 2738 240 2804; x_wconf 91' lang='lat' dir='ltr'>hanc</span> <span class='ocrx_word' id='word_1_152' title='bbox 263 2738 490 2804; x_wconf 82' lang='lat' dir='ltr'>Constantinus</span> <span class='ocrx_word' id='word_1_153' title='bbox 512 2739 616 2804; x_wconf 88' lang='lat' dir='ltr'>uictor</span> <span class='ocrx_word' id='word_1_154' title='bbox 639 2739 697 2804; x_wconf 93' lang='lat' dir='ltr'>tibi</span> <span class='ocrx_word' id='word_1_155' title='bbox 722 2737 867 2804; x_wconf 84' lang='lat' dir='ltr'>condidit</span> <span class='ocrx_word' id='word_1_156' title='bbox 890 2739 1005 2804; x_wconf 90' lang='lat' dir='ltr'>aulam.</span> 
     </span>
    </p>
   </div>
   <div class='ocr_carea' id='block_1_10' title="bbox 154 2914 1252 3623">
    <p class='ocr_par' dir='ltr' id='par_1_12' title="bbox 156 2914 1252 3126">
     <span class='ocr_line' id='line_1_28' title="bbox 227 2914 1170 2985; baseline 0.001 -18"><span class='ocrx_word' id='word_1_157' title='bbox 227 2914 315 2969; x_wconf 87' lang='lat' dir='ltr'>Rossi</span> <span class='ocrx_word' id='word_1_158' title='bbox 327 2915 417 2968; x_wconf 89' lang='lat' dir='ltr'>inser.</span> <span class='ocrx_word' id='word_1_159' title='bbox 429 2915 528 2968; x_wconf 88' lang='lat' dir='ltr'>christ.</span> <span class='ocrx_word' id='word_1_160' title='bbox 538 2914 622 2969; x_wconf 87' lang='lat' dir='ltr'>Rom.</span> <span class='ocrx_word' id='word_1_161' title='bbox 633 2914 662 2968; x_wconf 92' lang='lat' dir='ltr'>II</span> <span class='ocrx_word' id='word_1_162' title='bbox 675 2932 703 2985; x_wconf 89' lang='lat' dir='ltr'>p.</span> <span class='ocrx_word' id='word_1_163' title='bbox 713 2915 774 2983; x_wconf 80' lang='lat'>345,</span> <span class='ocrx_word' id='word_1_164' title='bbox 786 2915 902 2985; x_wconf 87' lang='lat' dir='ltr'>FPiper</span> <span class='ocrx_word' id='word_1_165' title='bbox 916 2915 954 2969; x_wconf 90' lang='lat' dir='ltr'>de</span> <span class='ocrx_word' id='word_1_166' title='bbox 965 2915 1085 2969; x_wconf 88' lang='lat' dir='ltr'>duobus</span> <span class='ocrx_word' id='word_1_167' title='bbox 1096 2914 1170 2969; x_wconf 85' lang='lat' dir='ltr'>Cou-</span> 
     </span>
     <span class='ocr_line' id='line_1_29' title="bbox 156 2984 1252 3056; baseline -0.002 -16"><span class='ocrx_word' id='word_1_168' title='bbox 156 2986 280 3040; x_wconf 84' lang='lat' dir='ltr'>stantIni</span> <span class='ocrx_word' id='word_1_169' title='bbox 293 2984 331 3038; x_wconf 90' lang='lat' dir='ltr'>M.</span> <span class='ocrx_word' id='word_1_170' title='bbox 351 2985 444 3039; x_wconf 88' lang='lat' dir='ltr'>titulis</span> <span class='ocrx_word' id='word_1_171' title='bbox 463 2984 688 3052; x_wconf 80' lang='lat' dir='ltr'>(Gothae1874)</span> <span class='ocrx_word' id='word_1_172' title='bbox 708 3003 736 3056; x_wconf 91' lang='lat' dir='ltr'>p.</span> <span class='ocrx_word' id='word_1_173' title='bbox 749 2986 783 3040; x_wconf 90' lang='grc'>41</span> <span class='ocrx_word' id='word_1_174' title='bbox 795 3002 833 3041; x_wconf 84' lang='lat' dir='ltr'>ss.</span> <span class='ocrx_word' id='word_1_175' title='bbox 934 2987 992 3039; x_wconf 89' lang='lat' dir='ltr'>t&#39;uit</span> <span class='ocrx_word' id='word_1_176' title='bbox 1006 2985 1120 3039; x_wconf 88' lang='lat' dir='ltr'>Romae</span> <span class='ocrx_word' id='word_1_177' title='bbox 1138 2987 1171 3039; x_wconf 90' lang='lat' dir='ltr'>in</span> <span class='ocrx_word' id='word_1_178' title='bbox 1250 3004 1252 3007; x_wconf 89' lang='lat'><em>·</em></span> 
     </span>
     <span class='ocr_line' id='line_1_30' title="bbox 156 3054 1105 3126; baseline 0 -16"><span class='ocrx_word' id='word_1_179' title='bbox 156 3071 231 3110; x_wconf 87' lang='lat' dir='ltr'>arcu</span> <span class='ocrx_word' id='word_1_180' title='bbox 250 3057 394 3111; x_wconf 87' lang='lat' dir='ltr'>basilicae</span> <span class='ocrx_word' id='word_1_181' title='bbox 413 3054 441 3111; x_wconf 87' lang='lat' dir='ltr'>S.</span> <span class='ocrx_word' id='word_1_182' title='bbox 461 3056 543 3110; x_wconf 90' lang='lat' dir='ltr'>Petri</span> <span class='ocrx_word' id='word_1_183' title='bbox 562 3056 730 3111; x_wconf 88' lang='lat' dir='ltr'>Vaticanae</span> <span class='ocrx_word' id='word_1_184' title='bbox 749 3073 842 3126; x_wconf 89' lang='lat' dir='ltr'>opere</span> <span class='ocrx_word' id='word_1_185' title='bbox 861 3058 981 3111; x_wconf 90' lang='lat' dir='ltr'>musiuo</span> <span class='ocrx_word' id='word_1_186' title='bbox 1101 3076 1105 3084; x_wconf 90' lang='lat'><strong>·</strong></span> 
     </span>
    </p>

    <p class='ocr_par' dir='ltr' id='par_1_13' title="bbox 154 3126 1172 3623">
     <span class='ocr_line' id='line_1_31' title="bbox 228 3126 1171 3198; baseline -0.002 -17"><span class='ocrx_word' id='word_1_187' title='bbox 228 3128 243 3181; x_wconf 96' lang='lat'>1</span> <span class='ocrx_word' id='word_1_188' title='bbox 264 3131 291 3182; x_wconf 86' lang='lat' dir='ltr'>te</span> <span class='ocrx_word' id='word_1_189' title='bbox 309 3126 434 3181; x_wconf 85' lang='lat' dir='ltr'>Christo.</span> <span class='ocrx_word' id='word_1_190' title='bbox 472 3127 620 3181; x_wconf 89' lang='lat' dir='ltr'>mundum</span> <span class='ocrx_word' id='word_1_191' title='bbox 644 3128 880 3198; x_wconf 90' lang='lat' dir='ltr'>triumphantem</span> <span class='ocrx_word' id='word_1_192' title='bbox 902 3143 965 3181; x_wconf 90' lang='lat' dir='ltr'>non</span> <span class='ocrx_word' id='word_1_193' title='bbox 984 3126 1171 3181; x_wconf 89' lang='lat' dir='ltr'>adsalutem</span> 
     </span>
     <span class='ocr_line' id='line_1_32' title="bbox 157 3196 1171 3270; baseline -0.003 -17"><span class='ocrx_word' id='word_1_194' title='bbox 157 3199 227 3253; x_wconf 92' lang='lat' dir='ltr'>olim</span> <span class='ocrx_word' id='word_1_195' title='bbox 247 3214 266 3251; x_wconf 90' lang='lat' dir='ltr'>a</span> <span class='ocrx_word' id='word_1_196' title='bbox 285 3197 403 3253; x_wconf 83' lang='lat' dir='ltr'>Christo</span> <span class='ocrx_word' id='word_1_197' title='bbox 422 3203 620 3252; x_wconf 84' lang='lat' dir='ltr'>monstratam</span> <span class='ocrx_word' id='word_1_198' title='bbox 640 3199 695 3253; x_wconf 90' lang='lat' dir='ltr'>sed</span> <span class='ocrx_word' id='word_1_199' title='bbox 714 3199 753 3253; x_wconf 92' lang='lat' dir='ltr'>ad</span> <span class='ocrx_word' id='word_1_200' title='bbox 772 3200 936 3270; x_wconf 84' lang='lat' dir='ltr'>profligata</span> <span class='ocrx_word' id='word_1_201' title='bbox 955 3213 1010 3267; x_wconf 90' lang='lat' dir='ltr'>per</span> <span class='ocrx_word' id='word_1_202' title='bbox 1026 3196 1171 3252; x_wconf 83' lang='lat' dir='ltr'>Constan-</span> 
     </span>
     <span class='ocr_line' id='line_1_33' title="bbox 155 3268 1171 3338; baseline -0.002 -15"><span class='ocrx_word' id='word_1_203' title='bbox 155 3272 252 3324; x_wconf 90' lang='lat' dir='ltr'>tinum</span> <span class='ocrx_word' id='word_1_204' title='bbox 261 3269 400 3323; x_wconf 85' lang='lat' dir='ltr'>Romana</span> <span class='ocrx_word' id='word_1_205' title='bbox 412 3271 538 3323; x_wconf 91' lang='lat' dir='ltr'>numina</span> <span class='ocrx_word' id='word_1_206' title='bbox 548 3269 639 3338; x_wconf 88' lang='lat' dir='ltr'>Piper</span> <span class='ocrx_word' id='word_1_207' title='bbox 651 3269 767 3323; x_wconf 90' lang='lat' dir='ltr'>rettulit</span> <span class='ocrx_word' id='word_1_208' title='bbox 866 3269 884 3322; x_wconf 81' lang='lat'><strong>2</strong></span> <span class='ocrx_word' id='word_1_209' title='bbox 902 3268 973 3324; x_wconf 82' lang='lat' dir='ltr'>irinc</span> <span class='ocrx_word' id='word_1_210' title='bbox 991 3269 1171 3338; x_wconf 84' lang='lat' dir='ltr'>apographa</span> 
     </span>
     <span class='ocr_line' id='line_1_34' title="bbox 156 3338 1172 3409; baseline -0.001 -15"><span class='ocrx_word' id='word_1_211' title='bbox 156 3341 375 3409; x_wconf 83' lang='lat' dir='ltr'>antIqulssima,</span> <span class='ocrx_word' id='word_1_212' title='bbox 399 3338 471 3395; x_wconf 76' lang='lat' dir='ltr'>hiric</span> <span class='ocrx_word' id='word_1_213' title='bbox 489 3356 566 3395; x_wconf 90' lang='lat' dir='ltr'>corr.</span> <span class='ocrx_word' id='word_1_214' title='bbox 585 3342 617 3393; x_wconf 90' lang='lat' dir='ltr'>in</span> <span class='ocrx_word' id='word_1_215' title='bbox 640 3342 719 3395; x_wconf 78' lang='lat' dir='ltr'>harre</span> <span class='ocrx_word' id='word_1_216' title='bbox 738 3340 936 3395; x_wconf 84' lang='lat' dir='ltr'>Einsidlense.</span> <span class='ocrx_word' id='word_1_217' title='bbox 973 3342 1108 3394; x_wconf 89' lang='lat' dir='ltr'>imitatus</span> <span class='ocrx_word' id='word_1_218' title='bbox 1127 3344 1172 3394; x_wconf 90' lang='lat' dir='ltr'>est</span> 
     </span>
     <span class='ocr_line' id='line_1_35' title="bbox 155 3409 1171 3491; baseline -0.002 -26"><span class='ocrx_word' id='word_1_219' title='bbox 155 3411 332 3466; x_wconf 89' lang='lat' dir='ltr'>Desiderius</span> <span class='ocrx_word' id='word_1_220' title='bbox 358 3413 455 3465; x_wconf 84' lang='lat' dir='ltr'>abhas</span> <span class='ocrx_word' id='word_1_221' title='bbox 472 3426 499 3464; x_wconf 91' lang='lat' dir='ltr'>a.</span> <span class='ocrx_word' id='word_1_222' title='bbox 519 3411 588 3467; x_wconf 74' lang='lat'>1071</span> <span class='ocrx_word' id='word_1_223' title='bbox 608 3411 706 3491; x_wconf 86' lang='lat' dir='ltr'>apsidi</span> <span class='ocrx_word' id='word_1_224' title='bbox 726 3411 870 3466; x_wconf 89' lang='lat' dir='ltr'>basilicae</span> <span class='ocrx_word' id='word_1_225' title='bbox 888 3413 921 3465; x_wconf 93' lang='lat' dir='ltr'>in</span> <span class='ocrx_word' id='word_1_226' title='bbox 939 3416 1041 3466; x_wconf 89' lang='lat' dir='ltr'>monte</span> <span class='ocrx_word' id='word_1_227' title='bbox 1061 3409 1171 3466; x_wconf 86' lang='lat' dir='ltr'>Casino</span> 
     </span>
     <span class='ocr_line' id='line_1_36' title="bbox 155 3480 1172 3552; baseline 0 -17"><span class='ocrx_word' id='word_1_228' title='bbox 155 3483 323 3536; x_wconf 88' lang='lat' dir='ltr'>inscribens</span> <span class='ocrx_word' id='word_1_229' title='bbox 348 3485 383 3535; x_wconf 84' lang='lat' dir='ltr'>ut</span> <span class='ocrx_word' id='word_1_230' title='bbox 406 3483 481 3537; x_wconf 83' lang='lat' dir='ltr'>duce</span> <span class='ocrx_word' id='word_1_231' title='bbox 504 3483 532 3536; x_wconf 86' lang='lat' dir='ltr'>te&#39;</span> <span class='ocrx_word' id='word_1_232' title='bbox 549 3483 659 3551; x_wconf 75' lang='lat' dir='ltr'>patria</span> <span class='ocrx_word' id='word_1_233' title='bbox 682 3480 774 3537; x_wconf 80' lang='lat' dir='ltr'>iustis</span> <span class='ocrx_word' id='word_1_234' title='bbox 789 3481 931 3551; x_wconf 81' lang='lat' dir='ltr'>potiatur</span> <span class='ocrx_word' id='word_1_235' title='bbox 950 3484 1070 3552; x_wconf 85' lang='lat' dir='ltr'>adepta,</span> <span class='ocrx_word' id='word_1_236' title='bbox 1100 3480 1172 3536; x_wconf 79' lang='lat' dir='ltr'>hinc</span> 
     </span>
     <span class='ocr_line' id='line_1_37' title="bbox 154 3551 1159 3623; baseline 0.001 -16"><span class='ocrx_word' id='word_1_237' title='bbox 154 3551 338 3608; x_wconf 66' lang='lat' dir='ltr'>Desiderius</span> <span class='ocrx_word' id='word_1_238' title='bbox 355 3555 445 3621; x_wconf 83' lang='lat' dir='ltr'>pater</span> <span class='ocrx_word' id='word_1_239' title='bbox 462 3555 541 3608; x_wconf 78' lang='lat' dir='ltr'>hanc</span> <span class='ocrx_word' id='word_1_240' title='bbox 559 3551 616 3608; x_wconf 82' lang='lat' dir='ltr'>tihi</span> <span class='ocrx_word' id='word_1_241' title='bbox 634 3551 773 3609; x_wconf 81' lang='lat' dir='ltr'>condidit</span> <span class='ocrx_word' id='word_1_242' title='bbox 791 3554 896 3610; x_wconf 79' lang='lat' dir='ltr'>aulam</span> <span class='ocrx_word' id='word_1_243' title='bbox 915 3555 1051 3623; x_wconf 74' lang='lat' dir='ltr'>(RossIus</span> <span class='ocrx_word' id='word_1_244' title='bbox 1071 3568 1098 3622; x_wconf 86' lang='lat' dir='ltr'>p.</span> <span class='ocrx_word' id='word_1_245' title='bbox 1113 3553 1159 3618; x_wconf 81' lang='lat'>20)</span> 
     </span>
    </p>
   </div>
   <div class='ocr_carea' id='block_1_11' title="bbox 210 3639 1012 3698">
    <p class='ocr_par' dir='ltr' id='par_1_14' title="bbox 210 3639 1012 3698">
     <span class='ocr_line' id='line_1_38' title="bbox 210 3639 1012 3698; baseline 0.001 -16"><span class='ocrx_word' id='word_1_246' title='bbox 210 3639 314 3684; x_wconf 80' lang='lat' dir='ltr'>Anthol.</span> <span class='ocrx_word' id='word_1_247' title='bbox 328 3639 373 3686; x_wconf 85' lang='lat' dir='ltr'>lat.</span> <span class='ocrx_word' id='word_1_248' title='bbox 386 3641 412 3683; x_wconf 94' lang='lat'>11</span> <span class='ocrx_word' id='word_1_249' title='bbox 977 3644 1012 3698; x_wconf 92' lang='lat'>10</span> 
     </span>
    </p>
   </div>
   <div class='ocr_carea' id='block_1_12' title="bbox 0 0 1326 3884">
    <p class='ocr_par' dir='ltr' id='par_1_15' title="bbox 0 0 1326 3884">
     <span class='ocr_line' id='line_1_39' title="bbox 0 0 1326 3884; baseline 0 1"><span class='ocrx_word' id='word_1_250' title='bbox 0 0 1326 3884; x_wconf 95' lang='lat' dir='ltr'> </span> 
     </span>
    </p>
   </div>
  </div>
 </body>
</html>
