2646 3884
602 197 728 238 canaan

161 340 266 427 diligo
290 343 439 409 iuuenem
462 351 640 410 uenustum.
664 364 754 428 rogo,
778 363 896 428 punge,
920 343 1032 409 lamus.

165 448 289 516 bibisti:
316 450 428 516 iamus.
451 451 574 537 prende
596 452 666 516 lora
690 458 722 516 et
747 457 873 533 excute,

142 556 335 642 sPompeios
358 555 458 640 defer,
482 558 537 623 ubi
561 557 665 622 dulcis
689 563 737 623 est
761 577 861 623 amor.

165 682 255 729 meus
279 683 314 728 es

235 803 352 859 Notizie
373 806 400 859 d.
420 807 503 859 soavi
524 806 593 861 1877
611 822 639 875 p.
659 805 720 873 250,
740 809 809 859 acta
827 805 895 858 inst.
915 804 996 858 arch.
1009 804 1094 858 Rom.
1108 804 1177 858 1877

165 891 193 945 p.
213 875 266 930 223
289 876 385 931 deser.
405 876 551 946 Sogliano
575 877 698 932 Dressel
717 875 943 946 Zangemeister
1092 874 1178 928 Pom·

165 948 231 1016 peis
249 947 289 1000 ad
304 949 387 1000 uiam
397 946 558 1002 Veneriam
577 950 609 1001 in
627 948 784 1018 peristylio
803 950 882 1001 inter
900 947 1049 1001 tablinum
1066 950 1096 1000 et
1115 947 1180 999 fau-

165 1032 216 1071 ces
234 1019 362 1072 incisum
382 1019 458 1072 stilo.
486 1035 595 1074 uersus
615 1020 629 1072 1
646 1026 676 1074 et
693 1020 710 1072 4
730 1019 932 1086 77771117ηά7,
952 1016 970 1072 2
989 1024 1019 1072 77
1036 1017 1054 1072 5
1072 1022 1180 1071 acutas

165 1089 298 1158 syllabas
319 1106 374 1169 pro
393 1090 494 1159 longis
513 1090 626 1145 babent

235 1160 253 1214 3
273 1158 517 1230 771797117777177
536 1164 709 1227 7717777717,
727 1162 781 1215 7711
795 1175 929 1228 puerum
948 1161 1064 1229 inipso
1086 1174 1179 1213 uersu

166 1230 298 1286 deletum
322 1237 367 1286 est
391 1238 421 1285 77
444 1247 537 1301 supra
561 1233 705 1302 scriptum
727 1230 869 1285 iuuenem
957 1246 1060 1300 punye
1081 1230 1178 1284 mulos

165 1303 285 1356 stimulo
377 1302 394 1355 6
415 1304 594 1358 continuare
615 1318 737 1357 carmen
757 1304 885 1371 scriptor
904 1302 1038 1356 uoluisse
1058 1301 1180 1356 uidetur

649 1484 693 1548 45

165 1605 261 1670 Amat
286 1607 340 1687 qui
362 1605 487 1689 scribit,
511 1607 681 1693 pedicatur
705 1608 759 1691 qui
782 1607 873 1692 legit,

166 1712 220 1794 qui
244 1712 380 1778 oscultat
403 1712 516 1797 prurit,
540 1713 690 1799 pathicus
714 1721 762 1779 est
786 1715 840 1797 qui
864 1712 1029 1797 praeterit.

166 1818 231 1883 ursi
254 1838 305 1882 me
330 1818 510 1903 comedant,
535 1826 567 1885 et
591 1840 652 1904 ego
675 1821 834 1904 uerpalm)
859 1820 912 1900 qui
935 1818 1019 1902 lego.

239 1994 311 2049 CIL.
332 1995 372 2049 IV
391 1996 462 2049 2360
610 1997 751 2065 Pompeis
777 1997 808 2049 in
835 1995 963 2049 aedibus
986 1993 1073 2047 Balbi
1100 1994 1181 2049 clare

167 2066 311 2134 scriptum
331 2067 460 2136 graphio
968 2109 972 2112 >

267 2138 283 2190 1
302 2136 462 2192 scribet-et
480 2137 563 2206 17977,
583 2137 600 2190 ‘2
608 2135 733 2205 paticus
751 2152 865 2191 murus.
885 2137 965 2191 idem
979 2137 1129 2204 opscultat
1142 2150 1181 2190 ex

169 2209 322 2261 contrario
341 2208 507 2277 figuratum
526 2214 619 2277 atque
638 2224 704 2263 7777
723 2224 761 2262 ex
782 2223 869 2276 opace
932 2268 935 2273 ⁵
1026 2208 1182 2277 3compa·

168 2279 249 2332 rauit
268 2277 495 2348 Zangemeister
523 2281 720 2348 parietarium
746 2280 853 2333 domus
872 2279 1030 2332 Palatinae
1059 2294 1182 2332 carmen

170 2350 260 2417 (mon.
278 2349 756 2417 71177.71711117111865771773,
772 2351 798 2406 ll
819 2347 948 2430 quisque
966 2365 1065 2403 meam
1081 2350 1182 2418 statuet
1217 2367 1224 2376 ·

168 2417 440 2488 mustarabicam,
470 2418 559 2475 71171777
586 2421 709 2476 secretis
733 2421 888 2475 7771777777
906 2436 1000 2475 ursos
1020 2421 1096 2474 edat.
1126 2435 1180 2489 pro

169 2506 231 2560 qua
243 2493 462 2561 imprecatione
481 2492 513 2544 in
532 2491 641 2546 eadem
655 2495 805 2546 sententia
817 2492 959 2561 Pompeis
973 2490 1045 2546 CIL.
1058 2490 1098 2543 lV
1113 2489 1182 2544 1645

167 2561 280 2631 legitur
303 2561 392 2617 71117171
419 2562 454 2617 in
482 2562 610 2618 desertis
635 2561 788 2618 montibus
811 2564 883 2617 arat
901 2578 995 2630 amor,
1023 2568 1058 2616 ut
1075 2577 1182 2615 ursum

168 2634 250 2687 hunc
269 2636 419 2704 originem
444 2635 576 2688 traxisse
600 2634 639 2687 ab
662 2634 780 2688 urendo
804 2633 921 2688 uideas.
951 2640 981 2687 et
1005 2633 1182 2703 paroemian

168 2706 292 2774 sapiunt
303 2705 466 2759 Habinnae
479 2705 563 2774 apud
575 2705 752 2759 Petronium
766 2706 864 2760 uerba
877 2712 932 2759 sat.
946 2705 982 2759 66
995 2703 1031 2771 77,
1044 2701 1181 2773 inquam,

167 2791 263 2830 ursus
281 2774 514 2831 homuncionem
532 2779 650 2839 comest,
670 2778 786 2846 quanto
804 2774 906 2845 1717977
919 2772 1080 2829 homuncio
1099 2775 1183 2828 debet

166 2862 277 2901 ursum
295 2846 447 2901 comesse?
483 2848 587 2915 itaque
615 2849 722 2901 tertius
751 2863 860 2902 uersus
884 2848 980 2916 primo
1009 2861 1058 2899 res
1081 2845 1181 2912 undet,

165 2918 469 3043 37777ἷ711171571771777)
489 2923 606 2987 spectat
629 2918 668 2971 ad
694 2919 838 2972 conuiuia
861 2918 920 2971 culi
939 2933 1018 2986 quae
1037 2940 1046 2968 1
1067 2916 1181 2970 71777177

188 3005 231 3042 1111

654 3097 697 3162 46

167 3219 229 3299 Qui
253 3241 384 3306 uerpam
408 3219 512 3304 1177777,
537 3221 614 3303 quid
640 3241 772 3286 cenasse
795 3221 885 3285 illum
907 3217 1025 3306 putes?

239 3378 311 3434 CIL.
331 3378 372 3432 IV
393 3378 471 3445 1884,
492 3376 641 3433 Garrucci
667 3378 756 3448 grati.
776 3377 846 3432 XIV
863 3378 880 3431 6
1044 3375 1179 3431 Catullus

165 3450 210 3515 28,
230 3450 264 3503 12
282 3465 380 3518 aerpa
397 3446 477 3518 farti
496 3448 568 3505 77777
588 3451 626 3503 ad
646 3450 764 3504 Pisonis
784 3448 937 3503 cohortem
956 3449 1078 3501 inanem

237 3519 329 3575 1177777
348 3525 431 3574 recte
450 3535 505 3590 per
518 3521 595 3575 duas
608 3536 631 3588 7,
651 3522 694 3575 777
707 3520 927 3574 Ambrosianus
939 3518 1039 3572 Plauti
1052 3517 1117 3571 rud.
1128 3517 1182 3571 567

165 3590 273 3661 1177777,
294 3593 369 3646 alias
387 3589 504 3646 uterere
524 3607 562 3646 ex
581 3589 697 3645 uiscera
718 3596 817 3644 ortum
