2650 3882
165 145 223 200 220
605 158 745 199 nsorrnr

215 312 309 390 rapta
332 307 420 371 iaces
443 307 535 372 annis
558 306 622 371 iam
646 305 780 372 uiduata
803 308 875 372 tuis.

140 413 201 478 sia
224 413 282 478 tibi
306 412 443 497 Cybeles
466 413 531 479 sint
554 420 586 477 et
609 433 683 479 rosa
706 418 800 496 grata
823 413 947 479 Diones

170 525 202 585 et
224 517 318 584 fiores
341 519 427 603 grati
450 519 611 604 Nymphis
633 526 666 584 55
689 519 757 585 lilia
780 526 877 602 serta,

169 626 243 708 sitq.
267 645 381 710 precor
403 626 526 692 meritis
549 626 603 708 qui
626 632 735 691 nostra
757 633 871 711 parent
895 627 954 692 tibi
978 625 1064 693 dona

167 753 285 815 annua,
309 738 342 798 55
365 752 475 798 manes
498 731 628 817 placida
650 734 710 798 tibi
733 739 828 798 noete
852 732 1022 815 quieseant

166 845 202 905 55
225 859 321 926 super
343 841 377 904 in
398 839 474 905 nido
498 832 698 906 Marathonis
720 846 829 906 5555555
854 839 969 905 addon.

242 997 314 1053 CIL.
324 997 366 1052 VI
378 998 449 1053 9118
469 1014 508 1053 ex
521 998 648 1066 schedis,
669 997 781 1054 Gruter
794 998 908 1066 10343.
945 997 1007 1053 AL
1017 999 1184 1053 Burmanni

167 1069 211 1125 IV
230 1069 291 1137 155,
310 1069 425 1138 Meyeri
447 1068 517 1123 1284
625 1040 748 1136 R’omae,
768 1071 859 1150 periit
967 1071 1022 1123 init
1024 1071 1117 1124 iumt
1105 1070 1184 1124 tuitli

166 1145 347 1216 corruptum
361 1142 468 1222 ‘aliquo
490 1142 536 1195 uit
537 1141 597 1195 iot
586 1141 678 1195 tradit
667 1146 716 1195 tur
737 1112 968 1197 11555555Νὲ55
987 1139 1104 1195 Domit'
1092 1156 1140 1194 555
1157 1140 1183 1209 f.

168 1211 253 1282 01555
254 1227 314 1279 555,
333 1210 397 1266 5555.
418 1228 490 1265 555.
504 1212 612 1293 XXIV
625 1228 665 1266 55
678 1213 763 1267 IVd
776 1213 887 1268 XXIV.
906 1213 1032 1266 Hermes
1048 1209 1184 1267 macerae

170 1229 288 1338 355555
307 1286 414 1348 555155)
433 1281 535 1353 5555555
550 1283 754 1364 5555555555
755 1282 777 1351 5)

242 1354 275 1406 2
284 1370 367 1408 nuno
391 1370 444 1424 epo
463 1352 695 1424 555555555555
718 1354 974 1422 Μ55555ο5551351,
995 1354 1027 1408 11
1052 1353 1183 1408 schedae

168 1428 202 1479 in
203 1425 379 1506 terpolatae.
408 1426 579 1494 eloquendo
594 1425 786 1481 confudit't
747 1442 773 1480 55
775 1430 804 1480 5
823 1428 975 1494 optassem
992 1428 1047 1479 1555
1063 1425 1113 1494 fat
1114 1441 1133 1478 5
1154 1430 1183 1479 55

168 1494 291 1577 5555555
310 1494 447 1551 51555555
465 1499 484 1549 5
500 1497 525 1577 f:
629 1495 677 1550 4
665 1512 746 1551 55555
764 1496 896 1551 uiduata
915 1495 977 1551 5555
995 1493 1184 1551 iuuenilibus

168 1565 264 1620 55555
283 1567 358 1621 Mur
379 1566 456 1622 Grut
445 1573 491 1622 555
509 1566 573 1622 5555
593 1575 622 1622 55
641 1566 703 1622 tuis
723 1569 821 1622 omisit
810 1568 974 1623 tindioata
992 1567 1103 1621 15555555

206 1635 254 1693 5
241 1653 274 1691 55
295 1638 445 1707 producta
463 1639 622 1720 55555515,
640 1655 711 1693 narn
731 1639 769 1693 de
789 1654 897 1695 eruore
913 1639 991 1693 Auis
1010 1639 1092 1693 uiola
1111 1642 1184 1691 nata

167 1714 216 1764 est
236 1709 400 1774 (Arnobius
419 1709 493 1774 VI)
521 1708 585 1764 5555
604 1678 659 1764 tior
678 1711 725 1764 155
741 1709 817 1764 Mur.
837 1710 970 1765 absurdo
1077 1707 1182 1778 Inito,

169 1785 216 1835 est
205 1780 328 1834 ttradit
316 1785 379 1834 tum
398 1781 492 1849 idque
504 1781 634 1905 relinqui
647 1782 718 1836 uolo
729 1781 868 1844 Η555555
887 1797 959 1835 nam
972 1780 1082 1836 Graeci
1106 1782 1183 1834 ἔστιν

167 1851 207 1905 ot
235 1849 357 1921 sintque
372 1867 484 1920 precor
500 1851 625 1907 meritae
638 1853 713 1906 Mur.
804 1853 822 1907 8
841 1868 948 1907 55555555
966 1854 993 1906 51
1011 1850 1060 1906 1555
1078 1866 1184 1906 manes

169 1921 249 1977 Grut
237 1927 284 1977 ter
384 1924 401 1977 9
420 1923 620 1979 Moratousa
629 1923 775 2005 Apranus
803 1924 853 1978 illo
873 1924 1025 1979 adieetiuo
1045 1924 1091 1977 bis
1110 1937 1184 1976 usus

169 1999 217 2048 est
236 1992 351 2049 Statius
373 1993 600 2059 (Marathonide
619 1993 700 2050 551555
717 1993 828 2065 flebiles
846 1993 992 2065 Eripone)

169 2386 283 2472 saep]e
307 2387 387 2453 meis
410 2386 539 2452 tumulis
563 2387 632 2453 auis
655 2388 766 2453 Attiea
789 2388 923 2471 paruula
946 2385 1035 2452 uenit

169 2500 205 2559 et
228 2495 346 2559 satiata
369 2493 481 2578 thymo
504 2493 660 2559 stillantia
683 2494 779 2559 mella
801 2495 962 2576 relinquit,

171 2599 215 2663 mi
239 2600 386 2665 uolucres
409 2599 463 2664 hio
487 2598 580 2665 duloe
604 2601 748 2681 (manent
770 2599 984 2666 uiridantibus
1007 2598 1117 2677 antris,

172 2705 226 2771 hio
249 2705 368 2770 uiridat
391 2705 520 2772 tumulis
542 2706 650 2772 laurus
672 2725 773 2791 prope
796 2706 892 2771 Delia
914 2707 1030 2772 nostris

145 2818 204 2880 555
227 2833 305 2878 auro
329 2813 451 2879 similes
473 2812 618 2898 pendunt
642 2813 676 2877 in
698 2813 819 2878 uitibus
843 2811 950 2897 [uua]e

243 3062 354 3116 RenIer
373 3062 462 3116 inser.
481 3059 549 3131 Alg.
569 3060 639 3114 2132
659 3061 754 3115 deser.
775 3059 1006 3126 Cherbonneau,
1023 3058 1095 3114 CIL.
1115 3059 1186 3113 VIII

170 3133 243 3187 ’1854
350 3134 408 3186 fuit
427 3132 527 3188 Cirtae

244 3204 259 3256 1
279 3201 386 3327 5555555
405 3203 516 3258 Renier
535 3203 694 3287 proposuit
811 3198 882 3269 apis
900 3202 939 3255 At
940 3198 1000 3254 tica
1019 3199 1146 3254 Ouidius

226 3272 311 3327 555555
330 3275 413 3343 quod
434 3275 614 3343 productam
633 3276 765 3344 priorem
786 3272 878 3326 habet
898 3287 1082 3341 quamquam
1101 3285 1186 3340 pr-ae

169 3350 239 3400 sent
240 3346 265 3398 is
278 3347 422 3429 temporis
436 3350 488 3412 est,
469 3345 646 3399 tAIrorum
665 3345 785 3399 hoot
740 3345 785 3399 uit
786 3345 849 3398 ium
868 3344 1017 3397 familiare
1031 3357 1097 3397 esse
1112 3342 1186 3397 Con·

172 3417 288 3471 sentius
307 3417 349 3469 ait
338 3415 458 3471 t.GLK
474 3417 538 3486 Vp
542 3416 613 3470 ‚392
713 3416 758 3469 3-
749 3430 836 3470 555·
854 3419 915 3469 tres
934 3429 997 3468 una
1016 3421 1090 3468 nota
1110 3429 1187 3468 com-

172 3502 303 3556 prensae
321 3487 440 3542 litttterae
519 3433 715 3555 papensium
733 3501 795 3540 non
814 3500 918 3539 rarum
937 3486 1036 3540 estt.cf
1053 3499 1133 3554 quae
1147 3484 1186 3538 ad

168 3556 233 3625 465,
247 3572 273 3612 ro
292 3558 439 3628 adscripsi
457 3573 497 3613 ex
517 3558 565 3614 Or
587 3556 803 3614 Η55555551405
