2644 3884
134 153 186 207 136
572 166 711 206 nicrum

49 343 53 349 ·
204 312 278 381 Eph.
298 314 394 381 epigr.
413 312 469 365 VII
483 313 537 366 380
556 313 595 365 ad
615 317 765 381 ectypum,
786 328 825 367 ex
844 313 949 381 peiore
968 313 1148 382 apographo

133 383 160 438 V
178 384 249 437 1477
268 400 296 452 p.
310 383 364 437 650
464 382 634 437 Lambaese
653 385 683 436 in
704 384 770 437 foro

205 454 222 508 2
241 454 338 524 Aepy.
358 455 434 523 lapis
535 454 552 507 3
571 452 605 507 ia
624 455 678 508 hoc
698 452 787 524 penio
803 452 986 509 Schmidtius
1004 455 1150 524 iuterpre-

133 531 216 579 tatur
241 525 356 580 ‘eodem
383 525 502 592 animo',
532 527 645 595 opponi
669 526 873 594 prouinciales
899 525 1075 579 officialibus
1098 526 1150 579 im-

134 599 283 666 peratoris
303 598 355 665 qui
373 603 603 650 monumentum
623 596 799 662 dedicarint,
826 594 876 649 ille
895 612 925 649 u.
946 595 964 649 4
990 592 1056 650 e'sse
1076 595 1150 651 Con·

135 669 308 722 stautinum.
344 668 416 721 uide
435 682 475 722 ne
493 667 542 720 hic
560 665 669 736 penius
694 682 818 736 praeses
837 668 1015 736 prouinciae
1034 669 1071 722 sit
1089 683 1150 721 mo-

133 744 279 793 numento
298 740 465 793 honoratus
486 743 515 793 et
533 736 583 792 ille
602 739 753 807 pertineat
766 738 805 791 ad
820 738 950 793 eundem
969 743 1149 793 sectatorem

135 809 325 864 Constantini
441 809 459 862 4
471 807 657 863 aemioiille
671 809 733 878 legi
749 811 855 878 potuit,
865 807 957 877 ponii
968 808 1150 864 Schmidtius

133 882 339 950 interpretans
356 881 443 950 quasi
460 880 545 947 tollit,
559 896 702 961 pugnare
716 895 784 933 cum
799 885 908 949 ectypo
923 880 1086 934 adfirmans
1100 880 1150 934 do·

133 952 173 1006 let
192 958 222 1006 et
241 950 334 1019 laedit,
355 968 413 1021 ego
433 953 492 1005 feci
511 952 577 1005 toltt
596 953 613 1004 i.
634 952 710 1019 tulit,
730 952 850 1005 sustulit
1020 948 1149 1020 tyranni

134 1022 279 1077 Maxentii
299 1024 389 1077 occisi
409 1038 435 1076 a.
455 1022 508 1077 312
527 1024 614 1076 cuius
637 1023 787 1077 aduersus
806 1021 897 1076 Afros
917 1023 1078 1076 saeuitiam
1097 1021 1150 1075 Zo-

134 1095 227 1148 simus
246 1094 275 1147 11
296 1094 329 1147 14
348 1095 460 1163 aliique
480 1100 649 1148 memorant

611 1273 677 1337 279

134 1415 240 1479 Patris
263 1434 344 1499 opus
367 1433 544 1496 munusque
569 1414 681 1497 [suum]
706 1415 776 1497 tibi,
800 1415 912 1496 Roma,
938 1413 1060 1479 dicauit

134 1521 297 1604 Augustus
321 1520 401 1603 [toto
425 1519 644 1605 Constan]tius
668 1521 744 1585 orbe
768 1526 908 1604 recepto,

135 1633 168 1692 et
191 1626 277 1710 quod
299 1626 387 1691 nulla
410 1627 484 1690 tulit
507 1627 601 1692 tellus
622 1647 684 1692 nec
706 1627 833 1691 uiderat
856 1632 955 1700 aetas,

134 1733 279 1799 condidit
302 1740 337 1797 ut
362 1734 457 1798 claris
480 1733 664 1818 exalequlet
688 1734 773 1799 dona
796 1733 939 1798 triumfis.

109 1840 194 1905 ahoe
218 1840 316 1906 decus
340 1847 485 1905 ornatum
509 1842 638 1925 genitor
662 1840 860 1924 cognominis
883 1841 971 1906 urbis

133 1967 202 2012 esse
225 1947 336 2012 uolens
360 1967 455 2012 caesa
479 1947 600 2012 Thebis
624 1946 665 2012 de
687 1967 766 2032 rupe
789 1946 925 2029 reuellit,

133 2052 191 2119 scd
214 2055 344 2137 grauior
368 2053 477 2117 diuum
501 2055 657 2137 tangebat
680 2074 757 2119 cura
780 2054 930 2136 uehendi,

134 2159 219 2242 quod
243 2160 329 2224 nullo
353 2161 483 2242 ingenio
506 2161 641 2242 nisuque
665 2180 825 2243 manuque
848 2160 969 2225 moueri

134 2266 332 2331 Caucaseam
357 2266 472 2330 molem
496 2265 678 2331 discurrens
702 2267 788 2331 fama
811 2267 972 2332 monebat.

97 2380 167 2438 mat
190 2372 339 2438 dominus
362 2372 472 2437 mundi
497 2373 702 2438 Constantius
726 2374 833 2438 omnia
856 2373 957 2438 fretus

133 2479 248 2545 cedere
271 2480 382 2544 uirtuti
406 2481 499 2544 terris
522 2479 676 2544 incedere
701 2480 794 2544 iussit

132 2586 211 2651 haut
234 2594 359 2670 partem
382 2587 533 2669 exiguam
556 2588 674 2651 montis
700 2591 866 2671 pontoque
890 2585 1023 2651 tumenti

133 2691 271 2757 credidit
294 2698 326 2756 et
349 2691 477 2776 placido
503 2691 646 2775 [deuexit
669 2712 731 2777 per
754 2713 842 2758 mare
865 2692 976 2776 flulctu

133 2799 208 2863 litus
231 2798 273 2862 ad
297 2797 488 2881 Hesperium
512 2797 645 2882 [Tiberi]
671 2800 809 2864 mirante
833 2801 986 2864 carinam.

96 2928 121 2969 15
131 2906 254 2969 interea
277 2904 412 2969 Romam
436 2903 566 2988 taletlro
591 2911 740 2970 uastante
764 2910 901 2990 tyranno

131 3012 269 3095 Augusti
293 3012 392 3077 iacuit
416 3010 534 3076 donum
559 3011 765 3094 studiumque
788 3012 919 3077 locandi

132 3137 195 3182 uon
218 3117 303 3183 fastu
326 3119 436 3202 spreti,
461 3117 519 3183 sed
542 3118 629 3201 quod
652 3139 715 3183 non
740 3118 888 3184 crederet
911 3120 995 3183 ullus

131 3229 241 3289 tantae
264 3224 356 3288 molis
380 3244 461 3309 opus
484 3244 618 3308 superas
642 3244 835 3309 consurgere
859 3226 891 3289 iu
916 3244 1021 3290 auras.

130 3349 215 3395 nuno
238 3331 336 3394 ueluti
360 3351 467 3396 rursus
491 3331 599 3415 milis]
625 3332 737 3397 auulsa
760 3330 899 3397 metallis

92 3462 119 3502 1ο
129 3437 258 3503 emicuit
281 3438 451 3521 pulsatque
474 3439 575 3524 polos.
611 3438 694 3504 haec
716 3439 820 3523 gloria
844 3438 965 3503 dudum

130 3544 253 3608 auctori
276 3554 404 3610 seruata
427 3566 484 3611 suo
509 3546 594 3629 culm
618 3544 731 3629 c]aede
755 3547 883 3630 tyranni
