2634 3892
133 143 135 147 '
153 139 207 195 324
591 150 731 193 nscrrnr

152 321 209 367 cur
231 301 336 367 subito
358 300 451 366 nobis
473 299 633 382 lacrimae,
657 319 721 364 non
743 297 865 382 gaudia
888 296 1031 364 reddes?

151 427 216 473 non
238 408 285 473 ita
307 412 384 472 uota
406 413 463 471 tua
484 411 667 471 meruerunt
689 410 837 490 spectare
859 411 1023 491 parentes.

224 583 312 638 Rossi
330 585 419 638 inser.
440 583 539 637 christ.
558 580 642 636 Rom.
661 581 676 635 I
696 581 758 649 278,
777 581 830 636 644
966 584 1020 636 uia
1039 580 1172 638 Ostiensi

151 656 185 710 in
208 656 355 710 coenobio
381 653 409 709 S.
428 653 524 708 Pauli.
563 652 719 722 praecedit
744 654 904 708 consulatu
929 652 1064 709 Iohanni
1093 654 1173 724 Any.

154 742 235 781 auno
254 731 289 780 ut
298 726 423 780 Rossius
443 725 629 779 demonstrat
646 723 700 778 425
719 721 768 778 ln'c
787 722 952 794 requiescit
965 722 1083 779 Dotion
1102 726 1170 794 dep.

157 798 201 854 VI
215 798 274 851 lcal.
285 798 355 851 Feb.
375 793 409 850 in
423 810 509 864 pace,
529 795 725 864 subsequitur
744 797 772 849 et
789 793 912 849 Basilio
929 810 1018 851 soror
1037 795 1103 851 eins
1122 794 1174 850 hic

152 866 316 938 requiescit
334 869 401 936 dep.
425 865 538 923 Vidua
557 865 691 920 Martias
710 865 745 920 in
762 881 837 934 poce

226 940 241 992 1
261 939 447 994 modulatius
465 953 534 992 cnm
547 936 655 1006 primo
673 938 777 992 subole
794 940 984 993 monstrares
1113 937 1131 991 2
1150 939 1172 992 i.

152 1010 256 1066 reddis
345 1010 363 1064 3
381 1013 456 1064 nota
475 1009 562 1078 quasi
581 1009 730 1078 nuptialia
750 1010 890 1079 opposita
908 1010 1010 1064 funeri

626 1188 692 1252 686

151 1316 215 1381 Hic
237 1315 353 1400 pietas,
376 1313 430 1380 hic
453 1313 560 1399 prisca
582 1312 672 1396 fides,
697 1312 751 1379 hic
775 1313 915 1398 ilntegra
937 1314 1017 1398 uita,

150 1422 205 1488 hic
228 1423 319 1488 labor
342 1421 513 1502 inmensus,
537 1418 678 1504 prudens
701 1419 767 1503 hlic
814 1470 821 1484 .
870 1470 878 1485 .
926 1470 933 1485 .
982 1470 989 1484 .

43 1566 46 1571 >
150 1528 231 1595 felix
254 1529 443 1613 simplicitas
466 1526 593 1609 mentis,
618 1524 778 1610 doctrilna
814 1576 821 1591 .
869 1574 876 1589 .
926 1576 933 1591 .
982 1576 990 1592 .

150 1633 300 1701 Floridus
323 1634 387 1699 hau
409 1632 519 1718 paruis
541 1653 678 1717 magnus
700 1632 912 1717 g[enit0ribus
936 1639 1024 1699 ortus

126 1747 183 1807 set
206 1742 261 1824 qui
283 1741 438 1806 maiorum
460 1739 577 1805 uelarit
600 1739 727 1806 nomine
752 1739 893 1824 [famam

150 1847 231 1914 liber
254 1846 312 1914 sed
336 1846 436 1914 docili
460 1845 610 1912 laudatus
632 1867 690 1931 per
713 1845 796 1930 solra
818 1846 940 1931 lingua,

150 1956 264 2021 urbani
286 1956 422 2040 primum
446 1955 604 2039 praetoris
627 1953 781 2038 fasciibus
803 1961 927 2020 auctus.

150 2062 269 2129 auxilio
292 2060 388 2147 posit]
411 2061 496 2126 hunc
519 2061 617 2126 iudex
641 2081 713 2126 oum
738 2060 897 2145 [posceret
922 2111 929 2125 .
956 2111 975 2144 .,

148 2168 212 2234 hoc
235 2167 369 2252 lateris]
392 2166 480 2233 socio
505 2166 608 2232 creuit
630 2166 782 2251 uica[rius
804 2167 903 2233 urbis.

113 2273 502 2360 1omox1aptusR0mae
525 2274 670 2357 regimen
693 2272 848 2359 sus[cepit
873 2323 880 2338 .
906 2323 914 2338 .
940 2324 947 2339 .

150 2387 223 2466 post
245 2380 401 2464 Ligurum
424 2381 458 2444 in
481 2380 609 2465 populis
631 2399 742 2463 regum
766 2380 928 2465 praetoria
951 2381 1061 2465 r[exit,

151 2487 292 2553 consiliis
314 2488 430 2552 iterum
453 2485 600 2551 Romana
623 2486 765 2552 sacraria
788 2486 880 2568 fouit,

149 2593 280 2680 publica
302 2599 376 2678 post
399 2591 510 2658 docuit
531 2591 670 2658 Romani
693 2590 826 2658 foedera
849 2592 937 2659 iuris.

150 2700 321 2784 sexaginta
344 2697 424 2765 duos
446 2698 530 2764 uixit
554 2700 636 2764 bene
658 2719 756 2784 purus
779 2700 814 2764 in
836 2720 946 2784 annos,

112 2804 269 2873 reoccidit
289 2805 400 2872 Hierio
424 2806 479 2887 qui
503 2804 632 2870 consule
656 2803 817 2870 clauditur
839 2826 933 2872 anno.

148 2912 272 2995 floride,
295 2932 360 2978 non
383 2909 711 2994 alite1·‚,ucnerandus
734 2911 864 2978 Florida
887 2933 988 2998 perge

149 3021 299 3086 caelestis
321 3040 379 3104 per
400 3038 503 3103 regna
526 3017 589 3084 dei.
625 3017 680 3091 sic
696 3019 764 3084 uita
786 3025 935 3085 meretur.

220 3195 309 3251 Rossi
327 3197 416 3249 inscr.
435 3195 534 3249 christ.
550 3194 635 3250 Rom.
650 3194 665 3248 Ι
678 3194 740 3255 282,
753 3193 807 3249 654
823 3196 875 3264 qui
889 3198 1044 3267 suppleuit
1132 3200 1166 3254 iu

152 3267 300 3322 coenobio
321 3265 349 3322 S.
364 3266 452 3320 Pauli
471 3268 524 3319 uia
537 3264 667 3321 Ostiensi
682 3266 788 3321 litteris
803 3268 931 3336 optimis.
960 3270 1165 3339 subscriptum

150 3335 494 3405 damnandarum.
512 3337 587 3392 Nob.
608 3337 718 3392 occidit
734 3337 839 3393 Hierio
857 3345 888 3394 et
905 3338 1068 3396 Ardabnre
1088 3357 1166 3396 coss.

149 3423 231 3462 anno
249 3408 311 3462 427.
344 3408 492 3462 ‘Floridus
516 3413 641 3478 peracta
665 3409 868 3465 aduocatione
894 3410 965 3479 (per
987 3411 1061 3480 fora
1085 3427 1115 3467 u.
1134 3413 1162 3481 6)

149 3483 273 3548 praetor
291 3493 346 3533 seu
365 3480 534 3548 praetorios
554 3480 706 3534 codicillos
730 3496 748 3534 a
774 3481 913 3551 principe
932 3483 1071 3552 obtinuit,
1099 3488 1165 3538 tum

150 3548 341 3604 consiliarius
361 3550 400 3603 ab
420 3550 506 3604 urbis
518 3551 635 3605 uicario
649 3551 801 3620 expetitus
816 3558 845 3606 ct
863 3553 1004 3609 adsessor
1017 3554 1165 3624 adlectus,
1182 3560 1186 3587 ³
