2648 3886
167 123 220 176 306
602 137 742 178 oscam
780 142 783 148 ·

168 286 231 336 stra
250 287 337 352 parte
356 284 453 338 uerba
465 283 603 353 plurima,
624 282 733 337 dextra
745 284 777 336 in
790 283 894 352 primis
907 283 1048 336 uersibus
1061 297 1181 351 paucae

167 354 286 408 litterae
297 355 414 421 desunt,
425 360 459 408 ut
472 355 653 423 subscriptio
665 355 796 409 ostendit
807 394 813 406 .
824 394 831 406 .
842 393 848 406 .
858 354 915 407 sub
928 351 1014 408 ascia
1027 352 1183 409 dedicauit

240 427 254 477 1
274 424 404 480 nomen?
423 424 558 479 curiosi?
658 425 845 480 sannorum
863 439 1024 498 numerum
1043 424 1135 479 uoltis
1153 424 1183 480 si

168 495 254 563 scire,
275 495 481 565 quadrimus?
622 497 640 550 3
659 502 796 550 extrema
815 496 915 550 littera
934 496 955 549 d
974 510 1041 550 esse
1059 497 1183 550 uidetur

167 569 266 637 magis
286 583 377 637 quam
395 583 426 622 m
533 567 550 622 5
569 569 581 620 t
599 572 671 621 ante
689 566 976 621 albeusMonfalcon
995 566 1183 636 musLugd.

168 639 210 706 92,
222 639 283 693 352.
313 640 459 694 occidisse
477 639 600 693 uidetur
618 640 649 690 in
669 639 793 692 flumine
806 637 879 691 dum
891 639 956 707 ipse
971 643 1025 691 aut
1039 643 1182 707 parentes

167 709 295 764 Romam
313 711 442 764 tendunt
602 710 618 764 7
638 711 768 764 fortasse
789 710 1027 763 continuabatur
1045 707 1181 764 insontis

164 782 273 850 plures
348 782 403 835 sub
418 782 549 835 Tartara
567 780 617 834 uel
636 781 679 834 ad
695 781 725 834 T.
743 779 837 835 mittit
854 781 905 835 uel
923 777 996 835 misi
1005 779 1183 850 Vergiliana

644 907 710 971 646

168 1013 232 1079 Hic
255 1013 334 1079 situs
357 1013 390 1077 in
412 1013 534 1078 tumulo
556 1014 684 1097 genitus
706 1032 885 1096 nomenque
908 1012 1066 1095 Valerius,

169 1120 345 1185 Antoniaes
368 1120 506 1203 subules,
530 1119 597 1185 uixi
620 1120 671 1186 bis
694 1126 843 1204 septenos
866 1121 900 1183 in
923 1118 1025 1202 annis,

170 1233 202 1292 et
224 1227 327 1312 patris
349 1232 385 1291 ut
407 1245 523 1291 nomen
546 1223 699 1310 tuler(im)
722 1231 855 1308 rogatus
877 1226 990 1308 Attae,

169 1339 218 1398 set
241 1334 370 1416 genitus
392 1332 544 1414 brebiter,
567 1332 668 1397 uoluit
691 1351 742 1396 me
764 1332 877 1397 tollere
900 1331 1010 1397 Fatus.

241 1472 358 1527 Notizie
378 1472 406 1524 d.
426 1474 510 1526 scavi
529 1472 600 1526 1892
618 1488 647 1541 p.
662 1472 714 1525 190
733 1473 829 1526 descr.
848 1471 979 1526 Vivanet
1086 1486 1183 1541 prope

170 1544 309 1597 Tharron
337 1544 369 1596 in
395 1558 448 1597 ora
474 1541 632 1598 Sardiniae
658 1544 830 1612 rupinaque
854 1543 1014 1597 inuentum
1042 1558 1182 1596 marmor.

169 1616 391 1685 praescriptum
411 1615 439 1667 d.
460 1614 502 1667 M.

242 1687 257 1737 1
276 1687 294 1739 i.
314 1689 405 1738 natus
424 1684 524 1739 Valeri
624 1684 641 1739 2
661 1685 767 1739 debuit
785 1700 884 1739 annos
903 1689 957 1748 aut
975 1682 1108 1753 septenis

170 1758 220 1811 3s.
239 1757 408 1823 ἀσύντακτα,
427 1758 462 1809 ut
474 1758 541 1827 regi
553 1757 677 1810 uidetur
690 1772 709 1810 a
722 1758 849 1827 rogatus
868 1758 948 1823 (cum
961 1757 1056 1824 patris
1073 1770 1185 1810 nomen

170 1830 242 1882 mihi
262 1842 410 1897 arrogare
428 1828 541 1882 uellent
561 1828 676 1895 occidi),
697 1833 761 1881 tum
781 1827 887 1882 debuit
904 1825 1042 1898 genitum

648 1954 711 2019 647

171 2062 270 2128 Disce
294 2063 427 2145 quisque
451 2063 522 2147 pius
545 2066 638 2146 pater
661 2081 696 2127 es
718 2061 770 2126 uel
792 2067 895 2126 mater
919 2080 980 2143 quc
1003 2060 1184 2144 generasti:

172 2175 265 2234 natos
288 2168 407 2233 habere
430 2169 516 2233 bonu
540 2174 598 2251 est,
622 2168 737 2234 sinon
760 2169 823 2233 sint
846 2166 957 2232 inuida
980 2167 1058 2232 fata.

172 2276 219 2341 sic
242 2276 301 2341 tibi
322 2295 387 2340 non
409 2276 515 2361 rapiat
537 2294 622 2340 mors
644 2272 755 2338 inuida
779 2283 845 2339 tam
869 2273 933 2339 cito
955 2279 1060 2357 natoS,

171 2389 207 2446 ut
229 2382 309 2447 meis
332 2389 429 2464 atque
452 2383 516 2447 tuis
540 2380 647 2465 dignis
669 2381 741 2447 leue
764 2387 850 2446 terra
873 2380 1025 2465 preceris,

148 2493 206 2555 sut
228 2509 313 2555 mors
336 2488 370 2552 in
393 2489 514 2554 uoltum
536 2489 626 2553 uiuat
649 2506 838 2572 semperque
863 2487 996 2553 colatur.

167 2666 176 2682 ,
217 2594 327 2660 Aelius
350 2595 554 2660 Marcellinus
577 2601 670 2680 pater
692 2593 757 2659 filio
781 2594 981 2659 Felicissimo

172 2701 234 2767 hoc
257 2722 318 2784 ego
341 2702 405 2767 feci
427 2703 519 2785 bene,
544 2701 571 2767 si
595 2701 672 2785 quid
695 2702 824 2786 sapiunt
847 2701 951 2766 inferi.

243 2822 315 2878 CIL.
335 2823 375 2878 VI
395 2823 481 2877 10731
502 2825 597 2878 doscr.
617 2824 751 2892 Hermen,
771 2822 845 2879 (lori
863 2823 876 2876 Ι
896 2822 956 2891 157,
979 2823 1014 2878 85
1090 2823 1186 2878 Roma

172 2895 352 2949 translatum
362 2894 553 2962 Florentiam,
573 2895 745 2949 litteratura
767 2910 804 2949 oa
822 2896 855 2948 in
869 2909 930 2962 qua
948 2911 970 2948 u
989 2894 1186 2949 corrotunda-

173 2970 231 3020 tur.
263 2967 485 3035 praescriptum
509 2972 554 3021 est
577 2966 607 3021 d.
627 2967 677 3033 M,
697 2982 820 3020 carmen
839 2967 870 3019 in
890 2967 1059 3020 orationem
1078 2966 1188 3021 transit

171 3041 267 3091 metro
287 3053 349 3091 non
369 3037 552 3105 adstrictam,
575 3038 633 3091 nisi
653 3037 735 3106 quod
755 3041 891 3091 extrema
914 3051 1014 3106 paene
1033 3038 1188 3091 senarium

172 3107 421 3233 amini-179&
445 3114 513 3177 post
531 3106 626 3177 inferi
645 3110 783 3177 sequitur
796 3106 850 3178 qui
866 3105 949 3162 uixit
962 3106 1055 3162 annis
1065 3108 1098 3161 X
1107 3122 1187 3163 men-

173 3193 220 3233 ses
308 3194 352 3233 ies
818 3195 824 3213 ·
936 3196 943 3211 0

245 3249 260 3302 1
280 3248 362 3304 disce
381 3266 435 3330 pro
455 3248 562 3305 discite
581 3251 785 3320 substitutum,
805 3249 1022 3318 interpolatum
1039 3251 1138 3304 mater

207 3320 226 3372 4
250 3318 356 3389 dignis
377 3320 443 3389 cfue
463 3320 535 3376 CIL.
560 3319 723 3376 dicoisilue
743 3320 826 3377 Gori.
860 3321 975 3375 scilicet
994 3322 1112 3389 leuem)
1132 3323 1190 3376 ier-

173 3390 264 3457 re(m)
365 3391 382 3446 5
401 3393 458 3446 hoc
476 3394 644 3447 membrum
665 3408 845 3461 suspensum
866 3392 990 3446 uidetur
1009 3407 1049 3447 ex
1072 3408 1102 3446 u.
1120 3392 1139 3446 4
1159 3397 1190 3448 et

172 3459 322 3528 preceris:
352 3464 404 3531 qui
427 3466 538 3518 mortui
561 3465 670 3518 uiuant
693 3465 724 3517 in
752 3464 839 3520 uoltu
862 3467 925 3517 tam
947 3463 1042 3518 infixo
1071 3465 1189 3534 pectori

175 3546 266 3600 quam
286 3547 432 3601 expresso
452 3550 507 3604 per
526 3536 615 3604 signa
