2646 3884
588 186 716 227 sennan
1124 165 1160 221 25

216 330 329 385 ibidem
349 331 419 385 1820
438 330 516 400 coia,
537 334 606 401 opto
625 330 681 386 tibi
700 333 736 385 61
752 329 899 401 refricant
919 345 950 384 aa
967 328 1049 398 ficus
1068 328 1147 393 tuac,

437 404 472 457 ut
487 405 576 472 pctus
594 404 769 457 actaleatur
807 418 881 457 uam
899 400 1052 455 1161616166
1071 400 1144 452 aunt

143 488 200 542 pro
220 474 347 527 senariis
366 473 545 530 Ritschelius
563 474 655 529 habet
674 473 779 527 PLME
829 471 935 528 111127
954 486 1053 525 enarr.
1074 486 1102 538 p.
1121 468 1157 523 32

142 544 406 670 6611ἰρί1ὂ1ιιεξι1ἷῑοατε
424 546 456 598 111
475 546 595 615 plebeia
614 545 838 600 uersiflcatione
862 543 1040 609 concedens,
1067 542 1157 596 corri-

143 628 222 684 gens
251 629 263 668 1
282 630 295 668 t
347 632 359 670 a

631 743 672 807 51

143 863 304 942 Quoniam
326 864 387 930 fuit
409 866 559 932 uoluntas
579 862 584 954 Ι
605 865 704 931 animi
728 871 760 931 et
783 865 935 950 corporis,

144 977 235 1036 satur
254 968 259 1057 Ι
279 971 405 1056 nitclrle
453 1022 460 1039 .
508 1023 516 1038 .
564 1022 572 1038 .

216 1147 334 1204 Notizie
353 1149 381 1202 d.
400 1152 485 1204 scavi
505 1151 573 1205 1891
592 1167 620 1220 p.
634 1150 695 1217 263,
715 1152 783 1203 octa
803 1151 871 1203 inst.
886 1146 1066 1201 6161111616.
1087 1144 1158 1198 1892

145 1235 174 1288 p.
194 1219 229 1273 24
252 1219 346 1275 deser.
367 1218 511 1290 Sogliono
536 1226 566 1276 et
587 1220 659 1275 Mau
826 1219 966 1288 Pompeis
990 1219 1023 1270 in
1041 1216 1159 1286 pariete

143 1291 303 1345 interiecto
325 1293 404 1346 inter
423 1293 500 1347 duas
525 1293 662 1362 portulas
681 1292 787 1346 litteris
805 1291 935 1345 minutis.
973 1291 1007 1343 ut
1025 1288 1066 1355 fit,
1092 1301 1159 1341 coe-

145 1365 233 1430 perat
252 1363 360 1431 aliquis
381 1379 476 1433 agere
494 1368 615 1434 poetam
635 1365 670 1416 in⁴
685 1378 807 1418 recessu

218 1432 296 1488 2616
314 1434 433 1489 Mauius
461 1436 674 1505 imperatiuum
702 1435 890 1503 intellegens,
916 1435 970 1486 aut
996 1428 1092 1485 nitere
1116 1430 1159 1481 in·

145 1505 292 1573 scriptum
304 1520 370 1560 esse
381 1511 434 1560 aut
443 1505 505 1560 nite
518 1511 634 1560 mutato
645 1507 732 1560 uerbi
746 1520 868 1575 genere,
882 1504 1001 1558 conlato
1012 1501 1159 1557 Suetonio

147 1573 235 1644 Vesp.
254 1575 290 1629 20
315 1577 401 1631 uoltu
428 1578 513 1631 uolat
538 1575 680 1631 nitentis:
708 1577 817 1630 iambis
845 1577 983 1629 futurum
1004 1571 1157 1626 conuenit.

144 1647 217 1699 sata
230 1687 236 1699 .
251 1686 279 1701 ..
299 1663 335 1701 ao
354 1654 422 1717 post
442 1649 529 1717 quasi
548 1665 610 1702 non
630 1653 746 1702 certum
766 1645 875 1702 ..distis
894 1645 1038 1715 Sogliano

632 1896 676 1964 52

147 2022 284 2106 Hospes,
308 2021 395 2104 quod
418 2005 521 2106 (16166,
545 2023 687 2108 paullum
711 2028 771 2106 est,
795 2026 866 2086 asta
890 2039 928 2085 ao
952 2019 1088 2103 pellege.

147 2128 222 2194 heic
245 2135 293 2194 est
315 2130 494 2214 sepulcrum
518 2129 582 2194 hau
605 2130 749 2214 pulcrum
773 2126 897 2213 pulcrai
920 2125 1069 2191 feminae.

148 2256 264 2301 nomen
286 2243 436 2321 parentes
458 2237 661 2301 nominarunt
685 2235 862 2301 Claudiam.

148 2362 238 2408 suom
261 2343 429 2408 mareitum
454 2343 551 2408 corde
574 2342 707 2408 deilexit
729 2362 817 2408 souo.

123 2455 264 2533 agnatos
288 2448 368 2515 duos
392 2449 524 2515 creauit.
557 2449 680 2514 horunc
703 2450 838 2513 alterum

148 2558 181 2622 in
204 2563 291 2622 terra
313 2557 437 2639 linquit,
462 2557 558 2622 alium
582 2557 640 2621 sub
665 2562 751 2620 terra
774 2554 870 2619 locat.

149 2684 295 2730 sermone
318 2663 436 2748 lepido,
460 2670 528 2728 tum
551 2669 657 2728 autem
680 2664 807 2727 incessu
830 2657 1007 2725 commodo.

148 2770 279 2836 domum
301 2771 452 2835 seruauit.
498 2770 605 2835 lanam
627 2768 714 2834 fecit.
761 2766 839 2832 dixi.
872 2765 956 2831 abei.

220 2946 293 3002 CIL.
311 2947 326 3001 I
345 2947 414 3001 1007
434 2963 462 3016 p.
475 2946 528 3001 218
546 2945 689 3000 11115346
707 2960 747 2999 ex
766 2944 893 2999 schedis
918 2940 980 2995 AL.
991 2939 1160 2995 Burmanni

149 3019 191 3075 lv
210 3018 269 3086 147,
288 3018 403 3088 Meyeri
422 3017 492 3072 1276
621 3016 745 3071 Romae.
774 3030 896 3070 carmen
915 3014 1042 3082 simplici
1060 3011 1160 3065 breui-

148 3096 213 3145 tate
231 3091 430 3171 conspicuum
449 3089 557 3143 aetatis
577 3090 641 3143 1616
661 3086 859 3142 Gracchanae

204 3161 218 3213 1
234 3162 347 3230 pellope
360 3160 518 3215 iucundus
637 3159 654 3212 6
673 3160 784 3213 uitauit
803 3159 931 3226 scriptor
950 3156 1072 3209 altrum.
1100 3168 1159 3222 par

150 3233 221 3286 huic
240 3233 412 3301 exemplum
431 3231 514 3285 haud
532 3231 622 3285 facile
641 3231 796 3284 inueneris
815 3227 898 3297 apud
917 3227 1067 3294 antiquos,
1086 3239 1159 3278 nam

151 3304 295 3358 differunt
314 3304 386 3358 talia
406 3318 444 3357 coc
462 3301 524 3356 alio
542 3305 657 3356 terram
675 3302 773 3355 status
792 3297 907 3367 eocct'pt't
924 3298 1001 3351 alter
1025 3295 1156 3361 (Lucret.

149 3374 176 3429 V
188 3375 241 3430 832
254 3374 295 3429 111
307 3375 370 3443 686)
479 3374 495 3428 7
515 3373 690 3426 duriuscule
709 3373 739 3425 hi
753 3371 879 3426 ablatiui
898 3370 989 3439 positi
1008 3368 1051 3422 sic
1070 3368 1159 3437 quasi

148 3461 273 3500 uersum
292 3446 309 3499 2
329 3447 512 3515 exciperent.
533 3444 724 3498 commodum
751 3443 883 3511 antiquis
912 3440 1023 3493 dicitur
1047 3453 1158 3493 conue-

150 3519 245 3582 niens,
266 3517 411 3572 decorum
429 3516 536 3580 (Plaut.
547 3522 633 3569 most.
644 3514 698 3568 254
709 3513 778 3568 Ter.
791 3514 874 3566 haut.
888 3511 952 3575 5211
1054 3510 1071 3564 8
1090 3505 1159 3562 dtoei

149 3594 253 3643 erecta
271 3587 398 3658 ipriore
417 3587 630 3657 apographum
648 3601 752 3652 unum,
772 3584 849 3639 falso
869 3584 978 3652 opinor
