2646 3884
598 176 726 218 sannen
1133 164 1176 220 43

153 338 184 392 p.
197 322 262 386 469)
363 323 381 377 2
393 324 529 392 expleuit
538 323 703 378 Mommsen
803 324 821 378 3
833 328 906 379 ante
917 325 1032 379 mando
1047 329 1176 394 praeter

155 394 321 463 superioris
340 396 453 449 senarii
472 395 639 449 clausulam
655 395 729 448 nihil
741 395 864 449 uidetur
877 397 1011 465 periisse,
1029 412 1069 450 ne
1081 394 1176 451 lacti·

154 466 270 519 mando
284 465 432 520 similiaue
445 467 633 535 probaueris.
662 467 812 520 sententia
824 467 953 521 fortasse
967 468 1042 521 haec
1054 468 1175 521 mando

155 537 184 589 ct
195 534 265 590 stilo
279 534 448 606 conciones,
462 538 539 591 alter
551 539 585 591 at
597 535 682 592 sciat.
705 539 737 590 in
750 537 827 590 alter
840 537 949 592 desinit
962 540 1169 608 fragmentum

156 608 250 675 prius,
278 607 407 661 alterum
431 609 536 678 incipit
558 609 601 663 sic
619 607 652 662 ii.
673 606 881 678 leaena...ltae
899 606 999 678 aliqui
1011 651 1017 663 .
1028 648 1053 662 ..
1069 610 1074 676 Ι
1090 607 1172 678 facit

156 683 212 733 cet.
237 679 405 748 exquibus
428 680 521 749 lacem
541 681 759 748 paenultimum
778 685 853 749 puto
873 681 985 733 senarii
1005 682 1106 749 quarti
1125 682 1169 734 lo-

156 763 226 803 cum
244 751 387 816 tenuisse,
407 753 545 819 quintum
565 752 659 806 fuisse
677 751 763 805 uelut
780 766 854 804 naon
873 752 971 804 Fatus
990 749 1112 820 aliquid
1130 766 1175 805 aar

155 817 319 889 inprouiso
336 819 416 889 facit
538 822 605 876 din
626 823 730 877 militia
750 823 829 876 enim
849 821 958 876 cecidit
1081 822 1097 876 ‘l
1117 824 1169 876 alii

156 891 337 946 dictitabant
358 908 481 946 monere
505 894 646 958 secando,
676 894 847 947 contrarius
869 899 914 948 est
932 908 1040 947 rumor
1057 893 1171 961 malas,

154 964 282 1017 sanctae
294 966 423 1018 fortasse
437 963 477 1016 ad
489 965 703 1034 imperatorem
717 966 848 1034 respicit,
858 965 898 1018 ad
908 963 1091 1033 triumphum
1106 964 1173 1017 lau-

157 1033 272 1103 desque
282 1034 326 1088 Ti.
333 1035 472 1089 Caesaris
483 1035 601 1097 (VelllI
612 1036 672 1089 121.
682 1036 752 1100 125).
766 1035 881 1089 hiatum
892 1050 1020 1090 caesura
1031 1037 1176 1102 sustinet,

154 1104 266 1174 Ityraei
283 1106 356 1160 uide
375 1121 414 1160 ne
432 1121 581 1175 paeonem
600 1111 713 1176 aequet
730 1111 765 1160 ut
779 1105 893 1161 ilarius
912 1106 1086 1160 Plautinum

173 1177 191 1230 8
210 1178 271 1230 cato
291 1175 466 1231 misericors
483 1177 561 1231 male
575 1179 627 1247 qui
641 1178 758 1232 inuenit
774 1177 906 1246 lapidem
919 1178 1001 1247 legit.
1031 1177 1168 1231 datiuum

154 1251 190 1301 ut
202 1247 352 1302 addamus
366 1263 464 1302 sermo
481 1249 590 1302 suadet
603 1265 640 1302 ac
652 1254 697 1303 tot
710 1263 805 1318 prope
818 1249 988 1302 litterarum
1005 1253 1079 1316 quot
1091 1246 1175 1303 milti

114 1348 123 1368 .
155 1320 283 1388 requirit
293 1318 495 1374 Mommsenus
512 1320 659 1374 indicauit
672 1321 812 1374 lacunam
899 1319 917 1373 9
935 1320 1079 1389 intellego
1099 1334 1172 1389 spes

154 1395 229 1444 uota
249 1391 365 1459 gaudia
384 1391 421 1444 al.
434 1389 608 1445 ceciderant
624 1397 765 1461 correpta
778 1390 964 1461 paenultima
1066 1391 1100 1444 10
1118 1406 1176 1460 po-

155 1462 266 1515 sterius
291 1461 534 1530 supplementum
557 1462 647 1532 plane
666 1464 815 1516 incertum
940 1467 1085 1516 secuntur
1106 1461 1172 1516 duc

157 1536 318 1602 praeterea
343 1534 516 1601 fragmenta
540 1534 650 1603 quibus
674 1535 745 1587 item
769 1534 910 1588 carminis
929 1533 1098 1602 particulae
1125 1534 1168 1586 ui·

158 1603 269 1657 dentur
282 1605 440 1669 contineri,
457 1619 554 1657 unum
569 1605 627 1658 hoc
639 1603 720 1659 ciam
737 1606 741 1671 Ι
757 1602 860 1659 enoris
873 1605 981 1670 (fuitne
990 1602 1173 1673 pianooisi)

161 1674 193 1727 al
207 1674 212 1740 Ι
228 1690 247 1727 r
264 1675 416 1744 quaedam
432 1679 436 1740 Ι
453 1673 583 1729 aadcmii
599 1676 603 1740 Ι
619 1690 729 1730 nomen
747 1674 782 1729 ia
800 1690 825 1744 p
844 1676 985 1736 (fortasse
999 1672 1174 1744 principio?

157 1746 182 1798 si
201 1745 356 1800 muliebris
374 1747 505 1800 nominis
523 1753 558 1800 ut
576 1745 706 1801 Mactata
724 1747 782 1800 fuit
800 1746 990 1827 parastichisJ
1007 1748 1012 1812 l
1028 1761 1171 1815 qaorum,

156 1816 286 1870 alterum
307 1816 365 1870 hoc
379 1816 487 1886 prima
505 1816 610 1886 aoc[te]
628 1821 632 1883 l
647 1817 723 1872 aiao
738 1818 807 1887 [iem
823 1818 828 1880 Ι
844 1815 930 1872 satis.
957 1818 989 1870 in
1009 1818 1172 1886 superiori-

155 1887 215 1941 bus
232 1888 321 1941 binos
339 1889 404 1942 fere
423 1888 531 1958 lapidis
550 1903 659 1942 uersus
678 1890 790 1943 senarii
808 1888 921 1958 singuli
939 1887 1071 1958 implent,
1094 1888 1176 1942 fines

157 1959 237 2013 enim
256 1960 444 2013 senariorum
464 1960 595 2029 lapicida
613 1975 676 2014 non
695 1960 832 2015 distinxit

641 2121 684 2186 83

155 2243 260 2310 Homo
284 2264 334 2309 es:
358 2245 471 2310 resiste
495 2252 527 2310 ct
551 2247 703 2311 tumulum
728 2245 909 2330 contempla
931 2264 1047 2309 meum.

154 2350 258 2416 iuenis
280 2351 403 2416 tetendi
425 2358 461 2415 ut
483 2351 634 2417 haberem
658 2351 744 2434 quod
768 2359 882 2417 uterer.

154 2456 302 2521 iniuriam
325 2457 388 2522 feci
410 2459 499 2541 nulli,
523 2458 631 2524 officia
653 2459 717 2524 feci
738 2456 892 2543 pluribus.

155 2563 237 2628 bene
260 2563 344 2647 uiue,
368 2585 515 2650 propera,
539 2565 601 2630 hoc
625 2574 674 2630 est
696 2562 890 2630 ueniundum
913 2563 981 2629 tibi.

227 2720 300 2777 CIL.
318 2722 361 2776 IX
379 2722 450 2778 2128
584 2726 617 2778 in
636 2740 713 2794 agro
732 2723 950 2778 Beneuentano
1084 2739 1175 2792 prae-

155 2794 301 2862 scriptum
322 2793 351 2849 0.
364 2792 497 2849 Acelliaa
517 2794 546 2849 0.
565 2797 593 2849 et
611 2796 646 2849 L.
666 2796 685 2848 l.
704 2794 734 2865 S,
749 2810 839 2849 awos
858 2793 1038 2864 Aaqactalis
1057 2810 1175 2849 merca-

154 2865 203 2917 tor
226 2862 354 2919 naariae
376 2864 437 2920 otti
451 2868 488 2919 et
515 2864 701 2935 Calpurniae
725 2812 778 2935 gp.
801 2863 984 2936 fiPlryllidi
1008 2868 1109 2931 acolt,
1139 2864 1168 2919 0.

154 2933 266 2989 Accllio
282 2935 312 2990 0.
324 2935 349 3004 f.
363 2937 430 2990 Fal.
445 2936 578 2991 Vemeato‘
588 2936 658 3007 filio
673 2939 739 2992 aed.
749 2953 801 3006 pr.
815 2938 848 2990 ΙΙ
860 2936 920 2991 air.
934 2952 961 3006 q.
971 2936 1074 3006 praef.
1086 2936 1173 3005 fabr.

227 3007 242 3059 1
261 3007 371 3074 hospes
390 3009 580 3064 conieceram
600 3012 721 3076 trustra,
745 3024 815 3061 nam
835 3009 923 3062 homo
942 3023 973 3062 ca
993 3023 1060 3060 cum
1080 3006 1175 3061 Dres-

155 3076 198 3130 sel
228 3077 431 3147 descripserat
459 3084 524 3133 tum
550 3079 735 3143 Mommseno
765 3084 895 3148 ectypon
921 3078 1060 3133 ostendit.
1092 3094 1172 3148 ergo

155 3148 285 3217 scriptor
303 3150 483 3204 tralaticiam
506 3151 667 3204 formulam
689 3152 827 3217 mutauit,
853 3151 890 3203 cf.
912 3150 981 3215 ‘lis
1102 3149 1120 3203 2
1139 3154 1171 3203 et

154 3218 383 3273 3dextr0rsum
410 3223 518 3274 remoti
542 3221 695 3291 leguntur.
732 3226 861 3274 metrum
883 3226 1048 3289 utrumque
1068 3234 1173 3274 corru-

154 3292 239 3358 ptum
259 3296 312 3356 est,
338 3291 355 3344 2
375 3292 574 3361 archetypum
598 3293 659 3347 tale
682 3294 739 3346 fuit
757 3289 881 3346 iuuenis
900 3290 1013 3346 tetendi
1030 3293 1065 3344 at
1083 3291 1172 3345 habe·
1197 3298 1200 3303 ’

154 3375 219 3414 rem
237 3363 321 3430 qaod
337 3362 462 3431 fruerer
480 3378 580 3430 scaea,
600 3364 618 3417 3
635 3363 696 3418 tale
709 3361 813 3433 officia
825 3361 887 3432 feci
905 3361 1018 3430 maltis,
1031 3362 1111 3416 nulli
1122 3359 1174 3415 ia·

153 3428 279 3485 iuriam.
315 3448 500 3514 quamquam
518 3435 600 3489 hunc
620 3450 744 3490 uersum
762 3434 794 3487 in
820 3434 952 3502 aliquam
973 3435 1104 3503 speciem
1123 3448 1172 3486 re‘

153 3503 262 3556 stitnas
291 3506 382 3558 etiam
407 3503 559 3560 antariani
584 3506 609 3560 si
632 3506 730 3559 tribus
757 3504 881 3574 syllabis
904 3506 1083 3575 pronunties
1106 3501 1173 3572 feci-

152 3573 249 3628 altero
273 3579 343 3630 utro
370 3576 480 3631 omisso
606 3574 746 3630 ‹iaiaier
768 3589 862 3643 opera
887 3576 1073 3644 descriptum
1093 3580 1173 3641 erat,
