2644 3884
566 157 754 197 Huxsmm'rm

626 322 692 386 299

151 446 229 524 Quis
253 448 324 529 quis
347 446 450 512 ardua
472 447 605 512 turrium
627 447 752 512 miraris
776 445 914 511 culmina

150 554 375 636 uestibulumq.
399 554 487 620 urbis
510 552 630 639 duplici
653 559 748 638 porta
770 552 939 635 firmatum,

151 659 267 725 dextra
289 660 394 744 leuaq.
418 660 512 726 binos
534 661 677 745 porticos
700 680 803 741 arcos,

152 768 266 849 quibus
288 786 437 851 superum
459 767 589 852 ponitur
612 787 741 832 camera
764 786 863 831 curua
887 786 1079 849 connexam:

92 878 94 882 “
127 873 372 939 scomenciolus
396 875 442 939 sic
465 873 547 939 haec
570 874 661 938 iussit
684 874 839 958 patricius

150 981 265 1045 missus
288 1002 308 1045 a
331 980 486 1046 Mauricio
510 980 594 1063 Aug.
619 985 731 1045 contra
753 979 862 1045 hostes
886 980 1041 1046 barbaros

150 1107 286 1170 magnus
309 1086 427 1151 uirtute
450 1086 606 1170 magister
627 1086 788 1165 mil(itum)
813 1085 963 1171 Spaniae.

152 1188 155 1192 ’
195 1194 243 1257 sic
266 1212 391 1276 semper
413 1191 572 1284 Hispania
594 1190 653 1256 tali
677 1197 802 1256 rectore
825 1191 972 1274 laetetur,

196 1297 271 1362 dum
294 1297 361 1382 poli
384 1303 529 1362 rotantur
552 1296 660 1380 dumq.
685 1298 732 1362 sol
757 1297 1014 1364 circuitorbem.

114 1429 142 1469 ro
370 1406 480 1486 ann(o)
504 1405 586 1468 VIII
608 1405 774 1488 Aug(usti)
795 1403 1001 1486 ind(ictione)
1025 1406 1115 1472 VIII.

222 1581 368 1635 Huebner
387 1583 475 1634 inscr.
495 1581 580 1650 HIsp.
601 1581 700 1635 christ.
721 1582 773 1636 176
792 1582 832 1635 ad
852 1587 994 1651 ectypum
1097 1582 1166 1639 Car-

152 1653 278 1722 thagine
296 1652 380 1721 Hisp.
477 1655 574 1706 crucis
595 1654 683 1722 signo
704 1653 786 1722 quod
805 1654 924 1707 initium
944 1666 989 1708 est
1007 1655 1167 1709 inhaerent

151 1724 270 1778 litterae
290 1724 461 1793 singulares
481 1725 589 1778 incerti
609 1725 798 1793 significatus
818 1739 846 1794 q.
865 1742 890 1778 r.
911 1741 938 1778 α.
974 1741 1073 1780 annus
1091 1716 1167 1779 indi-

152 1802 240 1849 catur
252 1793 362 1863 sesses.
394 1794 613 1849 Comentiolum
627 1795 798 1850 scribonem
809 1797 948 1849 eomttem
960 1797 1067 1850 ducem
1082 1812 1167 1851 exer-

153 1868 231 1919 citus
249 1866 394 1920 historiae
413 1866 499 1920 uelut
509 1866 729 1935 Theophylacti
749 1867 789 1935 (p.
802 1866 855 1919 332
865 1882 887 1920 s.
903 1866 940 1920 de
950 1866 1043 1934 Boor)
1057 1883 1167 1922 memo·

150 1944 229 2004 rant,
248 1936 444 2005 Hispanicum
464 1938 529 1991 eius
544 1937 769 2006 expeditionem
782 1939 969 2008 ignoramus.
998 1939 1167 1993 hexametri

151 2009 217 2062 siue
236 2008 329 2061 dubio
349 2023 457 2061 uersus
477 2008 494 2061 8
513 2013 542 2062 et
561 2009 578 2062 9

189 2119 190 2122 η
221 2078 239 2131 4
258 2076 426 2148 superimp.
446 2080 526 2132 mala
546 2081 795 2148 pronuntiatione
813 2085 963 2134 mutatum
1064 2082 1081 2134 8
1100 2097 1167 2149 pro·

150 2150 353 2203 nuntiandum
364 2147 485 2219 Spania
586 2151 603 2204 9
621 2167 660 2205 ex
671 2151 846 2220 Vergiliano
862 2152 955 2220 polus
969 2152 1043 2206 dum
1062 2150 1167 2206 sidera

145 2224 254 2289 pascet
267 2221 319 2275 uel
334 2219 520 2276 Claudianeo
540 2221 580 2289 (II
593 2223 625 2275 in
637 2221 706 2276 Rus.
717 2222 779 2285 527)
794 2222 868 2276 dum
881 2225 962 2276 rotat
978 2226 1064 2277 ostra
1073 2224 1167 2292 polus

623 2508 689 2571 300

151 2628 245 2707 Quod
269 2628 351 2695 duce
374 2637 407 2695 te
430 2630 568 2696 mundus
591 2632 729 2696 surrexit
752 2630 785 2694 in
809 2638 896 2696 astra
920 2630 1127 2717 triumphans,

149 2736 234 2802 lianc
258 2736 484 2802 Constantinus
506 2738 610 2802 uictor
633 2738 692 2803 tibi
717 2737 862 2804 condidit
884 2739 1000 2803 aulam.

221 2912 309 2967 Rossi
321 2914 411 2966 inscr.
423 2913 523 2966 christ.
532 2913 617 2967 Rom.
628 2913 657 2967 lI
670 2931 697 2983 p.
708 2914 769 2982 345,
781 2915 896 2984 FPiper
910 2915 948 2970 de
959 2914 1079 2969 duobus
1090 2913 1166 2969 Con·

151 2985 275 3038 stantini
288 2982 325 3036 M.
345 2983 438 3037 titulis
458 2982 588 3049 (Gothae
603 2984 682 3051 1874)
702 3002 730 3055 p.
743 2985 777 3039 41
790 3002 828 3040 ss.
929 2987 987 3038 fuit
1000 2985 1114 3039 Romae
1133 2987 1165 3039 in
1244 3004 1246 3008 ¹

151 3070 225 3109 arcu
244 3055 388 3109 basilicae
407 3053 436 3110 S.
455 3054 538 3109 Petri
557 3055 724 3110 Vaticanae
744 3072 836 3125 opere
855 3058 975 3110 musiuo
1095 3076 1099 3084 ·

222 3126 237 3179 1
258 3128 285 3180 te
303 3125 429 3180 Christo.
466 3126 615 3179 mundum
638 3128 874 3196 triumphantem
897 3143 959 3180 non
978 3126 1165 3180 adsalutem

151 3197 222 3250 olim
241 3212 259 3250 a
280 3196 397 3251 Christo
416 3202 615 3251 monstratam
634 3198 689 3252 sed
708 3199 747 3251 ad
766 3199 930 3269 profligata
948 3213 1003 3267 per
1021 3196 1165 3251 Constan-

150 3269 247 3321 tinum
256 3267 394 3321 Romana
407 3269 532 3321 numina
543 3267 633 3337 Piper
646 3268 761 3322 rettulit
861 3269 878 3322 2
896 3267 967 3323 laiac
986 3268 1165 3338 apographa

150 3340 370 3407 antiquissima,
393 3337 465 3393 ltine
484 3353 560 3393 corr.
579 3341 612 3392 in
635 3340 713 3394 toric
732 3340 930 3394 Einsidlense.
967 3341 1102 3393 imitatus
1121 3344 1166 3394 est

150 3409 326 3464 Desiderius
352 3410 449 3464 abbas
466 3425 493 3463 a.
514 3410 582 3466 1071
602 3410 701 3490 apsidi
720 3410 864 3465 basilicae
882 3412 915 3464 in
932 3416 1035 3465 monte
1055 3409 1165 3466 Casino

149 3482 317 3535 inscribens
342 3484 377 3534 ut
401 3481 475 3536 duce
498 3483 526 3535 te'
543 3483 653 3550 patrea
676 3479 768 3536 iustis
783 3481 924 3551 potiatur
944 3483 1064 3551 adepta,
1094 3480 1166 3536 hinc

149 3549 332 3606 Desiderius
349 3554 439 3620 poter
456 3554 535 3608 tanc
554 3551 609 3607 tibi
628 3550 767 3608 condidit
786 3554 890 3609 autam
909 3554 1045 3623 (Rossius
1064 3568 1092 3622 p.
1107 3553 1153 3618 20)

204 3638 307 3683 Anthol.
322 3638 366 3686 lat.
380 3641 406 3683 II
970 3644 1006 3698 10
