2648 3886
160 151 214 206 282
601 163 738 205 uacaret

162 310 349 393 crudelem)
373 311 493 377 luotum
517 310 624 376 domui
648 310 803 376 Rauenna
826 312 958 393 remisit,

162 419 223 484 hoo
246 420 379 484 miseros
402 417 496 483 titulo
519 418 682 502 proprium
705 416 851 500 signasse
874 417 1027 483 dolorem.

234 593 305 649 CIL.
326 594 369 648 ΙΙΙ
390 594 486 664 suppl.
506 593 576 648 8385
597 594 691 648 deser.
711 593 849 648 Hoernes
975 595 1007 647 in
1025 593 1179 648 Delmatia

162 681 258 736 prope
282 665 455 719 Dabrioam.
490 666 596 719 titulus
620 665 781 719 frondibus
805 666 885 719 soliis
907 665 1083 719 hederaoeis
1106 666 1179 718 uuis

163 737 376 803 circumdatus,
401 752 430 790 u.
450 736 467 789 2
489 736 633 805 Principii
657 752 768 789 nomen
787 738 819 790 in
838 741 904 790 arto
924 738 1070 805 scriptum
1089 736 1177 804 quasi

163 814 231 878 post
250 808 411 862 adiectum.
442 808 546 861 elassis
566 807 753 861 Rauennatis
772 807 880 862 milites
900 807 1045 876 plurimos
1059 806 1179 860 Delma·

162 888 210 933 tas
232 880 351 948 origine
369 880 464 932 tuisse
484 894 522 932 ex
542 877 639 932 Taciti
659 879 724 931 hist.
745 877 789 931 III
808 878 842 931 12
862 878 1021 932 adnotauit
1039 877 1177 932 Hoernes

234 950 251 1004 2
269 947 371 1020 gloria
389 947 453 1003 nisi
472 949 655 1018 explanatur
679 950 758 1002 infra
778 965 807 1002 u.
827 950 844 1002 6
866 945 1180 1019 spectantes-gloriari

163 1019 224 1076 sibi
332 1021 349 1073 3
365 1020 547 1088 praeclarae
565 1018 695 1074 militiae
714 1020 886 1074 Hirschfeld
906 1024 971 1089 (pro
987 1035 1011 1088 p
1030 1020 1108 1088 lapis
1127 1020 1177 1072 ha-

164 1093 215 1147 bet
239 1091 277 1160 r).
317 1091 370 1145 sed
395 1094 529 1146 construi
554 1098 673 1161 oportet
697 1089 812 1145 militia
828 1091 999 1160 fouendum
1023 1091 1131 1145 dedere
1150 1091 1180 1143 et

163 1161 293 1217 iuaaeere
309 1165 422 1231 patruo
540 1163 557 1216 9
577 1163 689 1231 pendet
708 1163 876 1216 infinitiuus
896 1178 935 1216 ex
953 1160 1072 1216 remisit
1091 1162 1180 1229 quasi

165 1249 363 1304 consequens,
382 1240 418 1288 ut
436 1236 536 1288 miseri
556 1235 642 1287 titulo
664 1233 798 1287 dolorem
818 1235 976 1303 signarent

630 1395 695 1459 588

165 1518 319 1583 Conditus
342 1516 456 1582 infelix
478 1517 512 1581 in
535 1518 598 1583 ista
621 1517 699 1583 sede
722 1518 855 1602 perenni

165 1624 345 1708 Prineipius
368 1624 503 1689 habitat.
539 1623 615 1688 huie
637 1624 705 1688 uite
728 1623 800 1689 finis
823 1624 856 1688 in
878 1623 958 1708 ipsis

164 1737 213 1797 ter
235 1733 321 1797 senis
343 1731 460 1796 misero
484 1737 516 1796 et
539 1736 689 1813 quattuor·
712 1750 815 1816 paene
838 1732 978 1816 peraotis

166 1838 258 1904 annis
281 1857 398 1903 aoerua
421 1838 493 1902 fuit.
528 1859 603 1902 nam
626 1837 741 1902 studiis
764 1839 828 1901 iam
850 1837 951 1902 Rome
975 1837 1148 1902 laetantem

142 1943 276 2009 sinnida
298 1945 442 2009 Fortuna
464 1945 589 2028 repenti
613 1943 724 2009 sunere
747 1943 868 2024 mersit,

168 2052 321 2133 cuiusque
343 2071 505 2117 reuersum
530 2048 652 2116 erudeli
676 2050 787 2115 sunere
811 2070 926 2133 eorpus

168 2158 336 2240 exequitur
359 2157 485 2242 genitor
508 2157 617 2239 iniquo
642 2177 713 2222 oum
737 2156 857 2222 honore
881 2156 1029 2240 sepulcri.

167 2263 232 2328 iam
255 2264 359 2329 seouri
383 2284 439 2330 suo
463 2263 603 2348 gaudete
627 2282 757 2328 munere
780 2263 892 2328 Manes

167 2371 295 2455 Elysios
318 2392 375 2455 per
399 2391 529 2455 campos
553 2375 586 2435 et
609 2369 717 2435 duloia
739 2376 834 2454 prata
856 2374 1024 2452 uagantes.

239 2546 311 2602 CIL.
331 2547 684 2615 1116414adeetypum
722 2579 728 2588 -
793 2560 889 2615 prope
908 2544 1095 2600 Scardonam
1114 2544 1183 2598 Del-

167 2619 286 2672 matiae.
324 2620 355 2671 in
384 2618 490 2672 eadem
514 2633 586 2671 area
610 2622 749 2685 repertus
778 2620 823 2670 est
846 2630 987 2669 nummus
1017 2617 1184 2684 inscriptus

170 2687 374 2743 Constantius,
401 2690 520 2743 litterae
538 2689 704 2743 deteriores
724 2693 802 2754 sunt,
819 2688 920 2755 quarti
940 2689 1048 2756 opinor
1067 2687 1182 2741 saeculi

238 2760 255 2813 3
274 2760 343 2829 lege
363 2761 485 2828 quattor
588 2759 606 2811 4
624 2759 695 2813 tolle
713 2774 787 2813 nam
901 2757 918 2811 5
937 2760 1066 2812 oont'usa
1084 2763 1183 2811 metro

166 2845 276 2899 repens
295 2832 487 2899 repentinum
507 2834 536 2883 et
554 2845 664 2898 repens
683 2844 808 2898 serpens
920 2830 936 2882 6
955 2830 973 2882 i.
992 2828 1089 2882 Roma
1106 2828 1184 2881 rela-

167 2907 231 2956 tum
252 2917 362 2970 eorpus
485 2902 502 2954 8
521 2902 644 2954 suadete
664 2916 744 2955 area.
774 2900 969 2955 memorabile
988 2915 1043 2953 suo
1064 2899 1182 2968 adposi-

167 2978 230 3027 tum
250 2988 401 3042 personae
420 2972 574 3027 secundae
593 2978 627 3024 ut
646 2977 687 3039 τῷ
706 2973 811 3038 αὑτῶν,
830 2972 889 3024 nisi
908 2986 983 3025 uero
1003 2987 1058 3040 pro
1079 2967 1144 3024 eius
1163 2971 1184 3023 i.

167 3045 315 3113 genitoris
335 3044 448 3097 dietum
469 3048 515 3096 est
602 3042 619 3096 9
638 3044 737 3111 potuit
755 3043 791 3095 Ε.
810 3056 934 3110 earnpoa
948 3057 1007 3109 per
1025 3056 1184 3109 amoenae.

163 3118 262 3182 prata

635 3204 700 3268 589

169 3328 296 3393 Sossios
320 3328 373 3393 hio
396 3327 499 3412 si[tu]s
523 3332 571 3392 est
594 3326 782 3410 Sue[oessus
805 3328 874 3392 iure
900 3326 1032 3411 peritus,

168 3433 343 3498 Rauuenae
367 3435 505 3518 genitus,
529 3433 670 3517 Salon[is
694 3434 805 3500 funere
828 3440 948 3518 raptus,

168 3538 270 3602 libera
294 3558 377 3620 quen
400 3540 481 3604 ratio
505 3559 630 3624 semper
653 3539 800 3623 [deduxit
823 3539 865 3605 ad
888 3558 1035 3622 aequum.
