2650 3882
567 186 755 227 nnxauurnr
1116 173 1169 228 aet

154 337 295 404 coniunx
311 335 392 400 kara
412 332 417 421 Ι
437 333 515 399 mihi
531 354 655 400 mecum
671 334 752 400 bene
767 335 850 399 uixit
865 353 992 420 semper
1006 334 1148 401 honeste.
1163 332 1167 421 Ι

156 443 304 530 praestiti
328 441 413 524 quad
437 442 538 526 potui,
562 461 688 526 semper
710 440 779 507 sine
802 441 858 506 lite
881 440 1036 528 recessi}

155 570 237 616 unus
264 548 387 614 amicus
416 553 486 614 erat
512 554 638 613 tantum
666 547 745 612 mihi
776 547 829 630 qui
849 547 854 633 Ι
874 549 1035 633 praestitit
1065 548 1172 615 omnia

806 673 932 739 semper
954 653 1099 738 honeste,
1119 652 1125 740 Ι

265 763 305 828 Τ.
329 763 379 828 Fl.
402 763 539 828 Hermes
561 762 690 843 udatur)
714 760 952 845 q(uaest0rius).
974 759 978 847 Ι

125 876 238 936 mtunc
261 889 350 936 meus
373 868 508 934 adsidue
531 888 657 954 semper
679 869 761 933 bene
783 868 874 952 luxit,
899 869 1012 952 amice,
1036 866 1136 933 facus.

231 1047 366 1101 Fabretti
386 1046 447 1110 283,
462 1045 514 1098 183
532 1044 658 1098 Henzen
678 1044 727 1099 Or.
746 1044 818 1099 7412
837 1044 908 1099 CIL.
922 1044 992 1099 XIV
1004 1044 1084 1099 2605.
1112 1041 1175 1097 AL.

159 1119 327 1173 Burmanni
347 1117 387 1171 lV
405 1116 449 1182 24,
468 1116 584 1184 Meyeri
603 1116 672 1169 1177
781 1116 847 1168 fuit
856 1118 888 1170 in
907 1115 980 1169 uilla
999 1116 1175 1169 Tusculana

158 1191 217 1246 sub
237 1193 375 1258 pratame
393 1187 473 1241 uirili
579 1186 800 1255 praescriptum
820 1186 870 1240 dis
889 1184 1036 1241 Manibus
1054 1187 1096 1239 M.
1116 1188 1176 1240 Pu·

156 1258 231 1316 bliai
250 1260 292 1313 M.
311 1257 361 1312 lib.
379 1255 514 1322 Varianis,
533 1259 738 1327 subscriptum
754 1256 829 1325 fecit
841 1256 916 1312 Vaio
935 1255 996 1312 sibi
1015 1259 1042 1311 et
1056 1255 1175 1312 Galliae

164 1331 261 1402 Tpclie
287 1327 419 1398 optimae
444 1326 569 1398 coniupi
594 1330 622 1382 et
639 1325 767 1382 Aemilio
786 1327 907 1383 Isidoro
931 1343 1045 1383 uernae
1068 1344 1124 1383 suo
1148 1331 1176 1383 et

154 1399 321 1472 posterisq.
340 1415 468 1454 sacram
486 1401 514 1453 et
532 1397 673 1480 coniapis
691 1414 765 1453 suae
782 1402 809 1453 et
818 1398 935 1454 Isidori
954 1402 981 1454 et
1000 1415 1105 1455 eoram
1119 1415 1175 1468 pa-

158 1470 282 1541 sterisq.
301 1473 328 1525 et
346 1472 388 1524 M.
408 1468 545 1525 Publicio
565 1468 661 1525 Felici
679 1471 804 1525 alamno
822 1487 879 1526 suo

231 1544 250 1597 4
268 1540 410 1612 coaptaui
427 1543 626 1611 trisyllabum,
645 1543 788 1596 scribitur
802 1544 892 1596 etiam
906 1543 1070 1612 quaplator
1083 1542 1174 1606 (Hen-

160 1631 218 1669 zen
237 1614 318 1678 5650)
419 1614 454 1667 10
473 1614 599 1668 contulit
617 1613 810 1668 Burmannus
825 1614 979 1668 Tibullum
998 1614 1080 1680 11,6
1099 1614 1174 1668 dum

158 1701 247 1741 meras
263 1682 396 1740 adsiduo
416 1686 513 1738 luceat
531 1682 602 1754 ipae
618 1684 708 1753 sacas

639 1844 704 1909 478

162 1972 258 2036 Hunc
281 1969 448 2035 Placentia
471 1964 580 2050 habet,
604 1968 711 2053 patria
734 1986 827 2049 quem
850 1967 953 2033 Roma
977 1970 1110 2053 creauit,

161 2096 341 2143 marmorea
363 2075 503 2160 positum
526 2074 617 2158 salia,
641 2094 792 2157 aramque
815 2074 956 2141 sacrauit

238 2251 310 2309 CIL.
329 2251 370 2306 VI
388 2251 460 2306 9240
479 2251 574 2305 deser.
594 2250 685 2319 Gatti,
704 2250 918 2318 sauromata,
939 2251 999 2305 190.
1029 2250 1091 2305 AL.
1107 2251 1181 2306 Bur-

162 2326 270 2379 manni
288 2324 329 2377 IV
347 2323 408 2390 366,
427 2321 543 2392 Meyeri
562 2322 632 2376 1523
744 2322 859 2378 Romae
877 2323 909 2375 in
929 2323 1055 2377 macello
1075 2322 1116 2376 ad
1136 2339 1182 2377 ar-

164 2412 236 2451 cum
246 2394 376 2451 Gallieni
397 2409 460 2463 rep.
474 2395 581 2464 cippus
600 2408 789 2448 marmoreus
890 2393 1078 2462 praecedunt
1098 2409 1182 2463 pror-

165 2482 234 2522 sum
258 2468 359 2520 lacera
384 2466 461 2519 haec
483 2467 623 2519 aeternae
647 2463 769 2518 animae
787 2465 822 2518 L.
842 2462 907 2517 Aeli
930 2462 1011 2518 Tarii
1029 2463 1182 2519 causidici

164 2552 245 2609 quae
269 2535 304 2591 ia
315 2577 320 2590 .
333 2576 339 2590 .
351 2533 430 2606 fait
453 2534 663 2591 condicione..
676 2575 682 2588 .
694 2534 787 2590 anais
812 2535 874 2587 XX
886 2575 964 2590 .....
975 2534 1084 2604 cuiuis]
1103 2576 1181 2590 .....

165 2625 245 2678 perat
255 2648 333 2662 .....
344 2622 433 2661 aram
444 2645 450 2660 .
461 2646 468 2661 .
479 2648 485 2660 .
497 2605 675 2662 dulcissimo
689 2605 786 2676 [fillilo
800 2603 875 2675 fecit
886 2605 930 2675 L.]
943 2604 1047 2661 Aelius
1062 2605 1183 2661 Tertius

161 2682 263 2748 pater,
283 2678 451 2733 adhaerent
464 2683 600 2733 extremo
614 2679 741 2732 carmini
754 2677 837 2731 nullo
857 2683 1000 2747 separata
1018 2678 1181 2733 interuallo

167 2753 201 2804 in
224 2748 321 2804 hortis
345 2747 406 2802 Alli
428 2747 576 2803 Matiani
596 2746 752 2803 carissimi
774 2746 867 2803 amici
890 2750 1016 2804 curante
1041 2751 1076 2804 L.
1098 2747 1182 2804 Aelio

170 2821 262 2877 Coma
276 2822 401 2889 patruo.
426 2818 491 2889 filio
509 2817 766 2875 innocentissima.
796 2820 951 2887 ἀνθρὸπινα

241 2895 255 2946 1
276 2908 364 2962 quem
381 2889 488 2959 patria
506 2890 699 2945 Burmannus
718 2892 877 2960 proposuit
989 2891 1007 2944 2
1026 2907 1115 2945 aram
1133 2906 1183 2945 sa·

165 2961 269 3019 crauit
287 2969 375 3033 pater
393 2964 481 3016 istam
501 2963 610 3031 opinor
627 2961 795 3016 Romanam
813 2963 846 3015 in
864 2962 959 3016 hortis
979 2963 1068 3015 amici

641 3122 708 3188 479

257 3250 300 3314 Μ.
316 3249 432 3314 Furius
454 3248 623 3313 Herennus
644 3247 800 3332 Papiri(a)
821 3245 826 3333 l
847 3246 1072 3331 Astigitanms)

301 3354 447 3421 ueterani
471 3354 580 3435 f(ilius)
604 3352 657 3419 hic
680 3354 759 3418 situs
782 3351 867 3439 esti

169 3461 304 3527 Baetica
314 3481 365 3527 me
375 3462 486 3546 genuit
496 3460 589 3543 telus,
597 3456 879 3547 cupiduleibuae
887 3457 1182 3548 cognuscerclfines

168 3567 372 3648 Caesar(e)ae
392 3565 396 3654 1
417 3569 490 3633 ueni
515 3567 659 3653 cupidus.
694 3565 763 3632 fata
786 3587 837 3632 me
860 3587 995 3653 rapuere
1018 3588 1090 3634 mea
1111 3565 1115 3652 Ι
