2634 3892
600 137 739 179 DACTYLI

641 321 705 386 828

398 496 405 510 .
470 446 592 512 iaciant
614 466 666 511 me
690 447 855 528 quiescere
878 452 994 513 tecum.

232 625 414 680 Vernarecoi
433 625 465 677 in
484 625 559 677 actis
578 624 646 678 inst.
666 624 746 677 arch.
766 623 851 678 Rom.
871 623 941 678 1819
960 639 988 692 p.
1004 623 1056 677 123
1147 625 1183 678 in

159 696 239 751 Foro
271 695 429 763 Semproni
457 695 497 748 ad
520 694 706 749 Flaminiam.
746 697 885 763 sequitur
910 692 1049 749 ansime
1080 697 1186 749 mater

159 766 301 838 piissimo
318 765 382 836 filio
483 766 568 820 deest
587 767 674 820 uelut
692 767 720 819 et
738 766 847 820 Manes·
862 781 975 834 precor
992 769 1027 819 at
1046 766 1071 835 f.

639 945 704 1010 829

161 1072 225 1137 Pro
248 1070 371 1137 meritis
394 1091 528 1156 paruum
551 1090 664 1135 munus
687 1070 750 1135 hoc
773 1070 833 1134 tibi
856 1069 948 1135 doles
971 1068 1066 1155 redd(
1088 1073 1112 1153 ).

233 1247 305 1303 CIL.
326 1247 356 1301 II
375 1247 472 1317 suppl.
492 1246 564 1301 5910
583 1246 836 1302 descr.Huebnor
945 1246 1108 1302 castulone
1128 1248 1182 1302 Hi·

161 1335 335 1390 spanorum.
365 1320 586 1388 praescriptum
605 1317 730 1372 Saluiae
751 1319 873 1387 (nomen
895 1334 934 1373 ex
953 1319 1108 1388 Paelignis
1127 1320 1183 1372 ad-

162 1393 270 1446 scitum
290 1389 373 1459 quod
390 1405 466 1444 cane
485 1396 583 1443 mutes
596 1392 628 1442 in
638 1388 783 1457 Saluiae),
803 1390 1007 1459 subscriptum
1021 1387 1083 1458 soc)
1098 1389 1182 1458 11101)

162 1464 267 1526 derra)
286 1460 385 1526 deuia)
499 1461 675 1515 hexameter
695 1463 738 1515 sic
756 1463 789 1514 iit
803 1476 944 1529 paruum
962 1476 1075 1515 munus
1095 1478 1182 1516 auae

162 1534 216 1588 ltoc
235 1531 291 1587 tibi
309 1533 405 1587 reddo
424 1533 473 1586 uel
493 1530 549 1586 tibi
567 1532 663 1586 reddo
682 1530 815 1586 maratus

639 1711 704 1776 830

161 1838 265 1924 Acipe
287 1858 372 1903 nunc
394 1837 494 1902 frater
517 1838 656 1922 supremi
679 1857 793 1902 munus
815 1836 954 1902 honoris.

235 2015 306 2071 CIL.
316 2015 430 2081 114316,
442 2014 625 2068 0r.Henzen
635 2014 706 2068 6188
777 2014 908 2067 Brixiae.
922 2013 1078 2082 praecedit
1088 2012 1117 2066 d.
1125 2013 1180 2078 M,

162 2089 300 2156 sequitur
319 2087 423 2140 titulus
434 2085 498 2139 Val.
509 2086 603 2140 Vasse
621 2086 761 2139 militanti
780 2087 811 2138 in
824 2084 1021 2138 uexillatione
1040 2086 1178 2153 equitum

163 2157 422 2213 Stablesianorum
442 2159 559 2227 positus
578 2172 597 2209 a
617 2156 680 2211 Val.
694 2156 815 2210 Donato
835 2157 939 2210 fratre.
970 2154 1179 2210 Stablesianos

163 2231 226 2284 sola
238 2230 349 2284 Notitia
363 2229 546 2299 dignitatum
557 2233 772 2282 commemorat
783 2226 951 2297 (Boccking
962 2228 1067 2281 orient.
1078 2226 1179 2296 pact)

161 2302 340 2369 litterasque
359 2301 438 2353 tituli
456 2299 659 2353 Mommsenus
679 2314 757 2353 aeuo
778 2298 921 2352 deteriori
940 2298 1083 2367 adsignat

636 2479 698 2543 831

165 2603 341 2671 Conliberti
364 2610 396 2668 et
421 2603 568 2669 conserui
590 2603 705 2668 merito
728 2609 912 2689 posuerunt.

236 2779 308 2835 CIL.
321 2780 442 2835 1117233
462 2796 500 2834 ex
520 2779 638 2833 schedis
738 2779 853 2834 Romae
871 2795 934 2849 rep.
952 2784 1040 2833 extra
1059 2780 1179 2847 portam

162 2853 313 2907 Latinam.
342 2853 472 2906 ‘titulum
486 2866 618 2920 superna
633 2851 771 2905 mutilum
790 2853 863 2904 facit
876 2850 1060 2904 Muratorius
1071 2848 1148 2915 1609,
1161 2848 1181 2901 2

164 2930 247 2979 recte
266 2929 300 2977 111
318 2922 449 2977 uidetur'
468 2922 603 2976 Henzen.
642 2924 666 2976 si
685 2926 767 2976 totus
786 2927 816 2976 et
838 2924 958 2992 integer
982 2926 1035 2989 est,
1059 2921 1180 2975 numeri

163 3012 228 3051 non
246 3000 317 3049 sunt
335 2994 453 3049 fortuiti

642 3137 706 3202 832

166 3264 251 3328 Tum
274 3263 399 3345 quaerit
421 3282 536 3326 nomen
559 3260 668 3326 multis
691 3267 857 3327 notescere
879 3266 1031 3343 nostrum,

167 3375 336 3434 contentus
359 3370 451 3434 titulo
475 3388 620 3433 nummos
642 3367 721 3432 mihi
743 3366 886 3433 reddidit
909 3366 1012 3432 heres.

239 3544 310 3599 CIL.
330 3544 371 3599 VI
389 3545 486 3613 30131‚
506 3544 555 3600 Or.
574 3544 653 3600 4831.
681 3544 744 3599 AL.
758 3545 924 3599 Burmanni
943 3543 984 3599 IV
1002 3544 1045 3611 50,
1064 3541 1181 3612 Meyeri
