<?xml version="1.0" encoding="UTF-8"?>
<!DOCTYPE html PUBLIC "-//W3C//DTD XHTML 1.0 Transitional//EN"
    "http://www.w3.org/TR/xhtml1/DTD/xhtml1-transitional.dtd">
<html xmlns="http://www.w3.org/1999/xhtml" xml:lang="en" lang="en">
 <head>
  <title>
</title>
<meta http-equiv="Content-Type" content="text/html;charset=utf-8" />
  <meta name='ocr-system' content='tesseract 3.04.00' />
  <meta name='ocr-capabilities' content='ocr_page ocr_carea ocr_par ocr_line ocrx_word'/>
</head>
<body>
  <div class='ocr_page' id='page_1' title='image "./anthologialatin00lommgoog_0265.png"; bbox 0 0 2650 3882; ppageno 0'>
   <div class='ocr_carea' id='block_1_1' title="bbox 153 166 729 221">
    <p class='ocr_par' dir='ltr' id='par_1_1' title="bbox 153 166 729 221">
     <span class='ocr_line' id='line_1_1' title="bbox 153 166 729 221; baseline 0 -2"><span class='ocrx_word' id='word_1_1' title='bbox 153 166 206 221; x_wconf 74' lang='grc'><strong>211</strong></span> <span class='ocrx_word' id='word_1_2' title='bbox 589 179 729 221; x_wconf 78' lang='lat' dir='ltr'>oacrrur</span> 
     </span>
    </p>
   </div>
   <div class='ocr_carea' id='block_1_2' title="bbox 154 325 1169 627">
    <p class='ocr_par' dir='ltr' id='par_1_2' title="bbox 154 325 1169 627">
     <span class='ocr_line' id='line_1_2' title="bbox 154 325 1169 414; baseline 0.006 -25"><span class='ocrx_word' id='word_1_3' title='bbox 154 326 205 391; x_wconf 90' lang='lat' dir='ltr'>lon</span> <span class='ocrx_word' id='word_1_4' title='bbox 217 326 337 411; x_wconf 75' lang='lat' dir='ltr'>ginquo</span> <span class='ocrx_word' id='word_1_5' title='bbox 360 325 550 413; x_wconf 76' lang='lat' dir='ltr'>atlportatae</span> <span class='ocrx_word' id='word_1_6' title='bbox 572 332 605 392; x_wconf 90' lang='lat' dir='ltr'>et</span> <span class='ocrx_word' id='word_1_7' title='bbox 621 326 675 392; x_wconf 92' lang='lat' dir='ltr'>hio</span> <span class='ocrx_word' id='word_1_8' title='bbox 691 325 855 392; x_wconf 84' lang='lat' dir='ltr'>conditae:</span> <span class='ocrx_word' id='word_1_9' title='bbox 881 347 937 393; x_wconf 89' lang='lat' dir='ltr'>sex</span> <span class='ocrx_word' id='word_1_10' title='bbox 954 334 986 393; x_wconf 91' lang='lat' dir='ltr'>et</span> <span class='ocrx_word' id='word_1_11' title='bbox 1007 326 1011 414; x_wconf 77' lang='lat' dir='ltr'>l</span> <span class='ocrx_word' id='word_1_12' title='bbox 1032 329 1169 414; x_wconf 79' lang='lat' dir='ltr'>triginta</span> 
     </span>
     <span class='ocr_line' id='line_1_3' title="bbox 154 434 702 520; baseline -0.004 -19"><span class='ocrx_word' id='word_1_13' title='bbox 154 435 271 515; x_wconf 73' lang='lat' dir='ltr'>onmis)</span> <span class='ocrx_word' id='word_1_14' title='bbox 296 434 377 501; x_wconf 82' lang='lat' dir='ltr'>uixit</span> <span class='ocrx_word' id='word_1_15' title='bbox 400 434 565 520; x_wconf 87' lang='lat' dir='ltr'>inoulpata</span> <span class='ocrx_word' id='word_1_16' title='bbox 587 439 702 500; x_wconf 86' lang='lat' dir='ltr'>marito</span> 
     </span>
     <span class='ocr_line' id='line_1_4' title="bbox 315 541 996 627; baseline 0.004 -22"><span class='ocrx_word' id='word_1_17' title='bbox 315 541 476 627; x_wconf 67' lang='lat' dir='ltr'>obsequio</span> <span class='ocrx_word' id='word_1_18' title='bbox 500 561 582 624; x_wconf 85' lang='lat' dir='ltr'>raro,</span> <span class='ocrx_word' id='word_1_19' title='bbox 607 542 674 607; x_wconf 89' lang='lat' dir='ltr'>solo</span> <span class='ocrx_word' id='word_1_20' title='bbox 699 548 848 608; x_wconf 84' lang='lat' dir='ltr'>contenta</span> <span class='ocrx_word' id='word_1_21' title='bbox 871 546 996 609; x_wconf 88' lang='lat' dir='ltr'>marito.</span> 
     </span>
    </p>
   </div>
   <div class='ocr_carea' id='block_1_3' title="bbox 155 697 1171 913">
    <p class='ocr_par' dir='ltr' id='par_1_3' title="bbox 155 697 1171 913">
     <span class='ocr_line' id='line_1_5' title="bbox 225 697 1171 772; baseline 0.003 -19"><span class='ocrx_word' id='word_1_22' title='bbox 225 697 410 769; x_wconf 63' lang='lat' dir='ltr'>Augoustau</span> <span class='ocrx_word' id='word_1_23' title='bbox 430 699 535 753; x_wconf 75' lang='lat' dir='ltr'>Retue</span> <span class='ocrx_word' id='word_1_24' title='bbox 560 700 732 769; x_wconf 78' lang='lat' dir='ltr'>areheolog.</span> <span class='ocrx_word' id='word_1_25' title='bbox 753 701 823 755; x_wconf 83' lang='grc'><strong>1890</strong></span> <span class='ocrx_word' id='word_1_26' title='bbox 842 700 904 755; x_wconf 90' lang='lat' dir='ltr'>Ian.</span> <span class='ocrx_word' id='word_1_27' title='bbox 924 718 953 770; x_wconf 90' lang='lat' dir='ltr'>p.</span> <span class='ocrx_word' id='word_1_28' title='bbox 970 700 1006 755; x_wconf 83' lang='lat'>32</span> <span class='ocrx_word' id='word_1_29' title='bbox 1032 717 1101 757; x_wconf 89' lang='lat' dir='ltr'>oum</span> <span class='ocrx_word' id='word_1_30' title='bbox 1125 704 1171 772; x_wconf 88' lang='lat' dir='ltr'>pi-</span> 
     </span>
     <span class='ocr_line' id='line_1_6' title="bbox 155 770 1170 840; baseline 0.001 -15"><span class='ocrx_word' id='word_1_31' title='bbox 155 776 242 829; x_wconf 75' lang='lat' dir='ltr'>stura</span> <span class='ocrx_word' id='word_1_32' title='bbox 261 771 444 840; x_wconf 76' lang='lat' dir='ltr'>sarcophagi</span> <span class='ocrx_word' id='word_1_33' title='bbox 575 770 759 826; x_wconf 88' lang='lat' dir='ltr'>Vesontione</span> <span class='ocrx_word' id='word_1_34' title='bbox 886 774 1005 827; x_wconf 79' lang='lat' dir='ltr'>litterae</span> <span class='ocrx_word' id='word_1_35' title='bbox 1023 773 1170 828; x_wconf 87' lang='lat' dir='ltr'>uidentur</span> 
     </span>
     <span class='ocr_line' id='line_1_7' title="bbox 155 841 1169 913; baseline 0.002 -16"><span class='ocrx_word' id='word_1_36' title='bbox 155 858 222 897; x_wconf 83' lang='lat' dir='ltr'>osso</span> <span class='ocrx_word' id='word_1_37' title='bbox 240 841 353 896; x_wconf 88' lang='lat' dir='ltr'>saoouli</span> <span class='ocrx_word' id='word_1_38' title='bbox 365 841 394 894; x_wconf 91' lang='lat' dir='ltr'>ll</span> <span class='ocrx_word' id='word_1_39' title='bbox 411 842 551 908; x_wconf 84' lang='lat' dir='ltr'>ineuntis,</span> <span class='ocrx_word' id='word_1_40' title='bbox 571 846 662 896; x_wconf 89' lang='lat' dir='ltr'>notae</span> <span class='ocrx_word' id='word_1_41' title='bbox 675 848 777 898; x_wconf 86' lang='lat' dir='ltr'>tamen</span> <span class='ocrx_word' id='word_1_42' title='bbox 791 845 1020 898; x_wconf 80' lang='lat' dir='ltr'>centurionatus</span> <span class='ocrx_word' id='word_1_43' title='bbox 1033 850 1063 899; x_wconf 87' lang='lat' dir='ltr'>et</span> <span class='ocrx_word' id='word_1_44' title='bbox 1077 860 1169 913; x_wconf 86' lang='lat' dir='ltr'>quae·</span> 
     </span>
    </p>
   </div>
   <div class='ocr_carea' id='block_1_4' title="bbox 155 913 1170 1055">
    <p class='ocr_par' dir='ltr' id='par_1_4' title="bbox 155 913 1170 1055">
     <span class='ocr_line' id='line_1_8' title="bbox 155 913 1170 983; baseline 0.002 -16"><span class='ocrx_word' id='word_1_45' title='bbox 155 920 259 969; x_wconf 77' lang='lat' dir='ltr'>sturae</span> <span class='ocrx_word' id='word_1_46' title='bbox 277 913 428 982; x_wconf 81' lang='lat' dir='ltr'>posterius</span> <span class='ocrx_word' id='word_1_47' title='bbox 447 916 565 982; x_wconf 87' lang='lat' dir='ltr'>tempus</span> <span class='ocrx_word' id='word_1_48' title='bbox 582 920 725 983; x_wconf 83' lang='lat' dir='ltr'>arguunt.</span> <span class='ocrx_word' id='word_1_49' title='bbox 755 915 922 969; x_wconf 82' lang='lat' dir='ltr'>clausulam</span> <span class='ocrx_word' id='word_1_50' title='bbox 935 916 1103 970; x_wconf 78' lang='lat' dir='ltr'>hexametri</span> <span class='ocrx_word' id='word_1_51' title='bbox 1117 931 1170 970; x_wconf 84' lang='lat' dir='ltr'>ex-</span> 
     </span>
     <span class='ocr_line' id='line_1_9' title="bbox 155 984 492 1055; baseline -0.009 -16"><span class='ocrx_word' id='word_1_52' title='bbox 155 984 227 1055; x_wconf 85' lang='lat' dir='ltr'>oipit</span> <span class='ocrx_word' id='word_1_53' title='bbox 245 998 353 1038; x_wconf 88' lang='lat' dir='ltr'>uorsus</span> <span class='ocrx_word' id='word_1_54' title='bbox 372 984 492 1052; x_wconf 82' lang='lat' dir='ltr'>integer</span> 
     </span>
    </p>
   </div>
   <div class='ocr_carea' id='block_1_5' title="bbox 630 1076 695 1140">
    <p class='ocr_par' dir='ltr' id='par_1_5' title="bbox 630 1076 695 1140">
     <span class='ocr_line' id='line_1_10' title="bbox 630 1076 695 1140; baseline 0.015 -1"><span class='ocrx_word' id='word_1_55' title='bbox 630 1076 695 1140; x_wconf 82' lang='lat'>456</span> 
     </span>
    </p>
   </div>
   <div class='ocr_carea' id='block_1_6' title="bbox 131 1198 1017 1713">
    <p class='ocr_par' dir='ltr' id='par_1_6' title="bbox 131 1198 1017 1713">
     <span class='ocr_line' id='line_1_11' title="bbox 156 1198 966 1285; baseline -0.002 -18"><span class='ocrx_word' id='word_1_56' title='bbox 156 1198 183 1267; x_wconf 89' lang='grc' dir='ltr'>Ο</span> <span class='ocrx_word' id='word_1_57' title='bbox 207 1218 302 1282; x_wconf 88' lang='lat' dir='ltr'>quam</span> <span class='ocrx_word' id='word_1_58' title='bbox 326 1198 407 1263; x_wconf 90' lang='lat' dir='ltr'>dura</span> <span class='ocrx_word' id='word_1_59' title='bbox 429 1198 498 1282; x_wconf 89' lang='lat' dir='ltr'>tibi,</span> <span class='ocrx_word' id='word_1_60' title='bbox 524 1198 661 1285; x_wconf 72' lang='lat' dir='ltr'>[pigluit⁷</span> <span class='ocrx_word' id='word_1_61' title='bbox 684 1201 837 1284; x_wconf 85' lang='lat' dir='ltr'>Fortuna,</span> <span class='ocrx_word' id='word_1_62' title='bbox 861 1202 966 1285; x_wconf 83' lang='lat' dir='ltr'>fateri,</span> 
     </span>
     <span class='ocr_line' id='line_1_12' title="bbox 156 1305 1017 1391; baseline 0.002 -21"><span class='ocrx_word' id='word_1_63' title='bbox 156 1305 250 1391; x_wconf 77' lang='lat' dir='ltr'>qluae</span> <span class='ocrx_word' id='word_1_64' title='bbox 275 1312 306 1370; x_wconf 90' lang='lat' dir='ltr'>te</span> <span class='ocrx_word' id='word_1_65' title='bbox 329 1312 396 1370; x_wconf 85' lang='lat' dir='ltr'>tam</span> <span class='ocrx_word' id='word_1_66' title='bbox 420 1306 538 1371; x_wconf 86' lang='lat' dir='ltr'>teneris</span> <span class='ocrx_word' id='word_1_67' title='bbox 561 1308 653 1372; x_wconf 87' lang='lat' dir='ltr'>annis</span> <span class='ocrx_word' id='word_1_68' title='bbox 676 1307 735 1372; x_wconf 90' lang='lat' dir='ltr'>sub</span> <span class='ocrx_word' id='word_1_69' title='bbox 759 1308 898 1373; x_wconf 84' lang='lat' dir='ltr'>Tartara</span> <span class='ocrx_word' id='word_1_70' title='bbox 920 1308 1017 1374; x_wconf 91' lang='lat' dir='ltr'>misit.</span> 
     </span>
     <span class='ocr_line' id='line_1_13' title="bbox 155 1412 998 1496; baseline 0.002 -18"><span class='ocrx_word' id='word_1_71' title='bbox 155 1412 255 1478; x_wconf 85' lang='lat' dir='ltr'>denos</span> <span class='ocrx_word' id='word_1_72' title='bbox 278 1413 334 1476; x_wconf 80' lang='lat' dir='ltr'>uix</span> <span class='ocrx_word' id='word_1_73' title='bbox 356 1432 453 1496; x_wconf 87' lang='lat' dir='ltr'>passa</span> <span class='ocrx_word' id='word_1_74' title='bbox 476 1419 525 1478; x_wconf 86' lang='lat' dir='ltr'>est</span> <span class='ocrx_word' id='word_1_75' title='bbox 548 1433 649 1478; x_wconf 83' lang='lat' dir='ltr'>annos</span> <span class='ocrx_word' id='word_1_76' title='bbox 672 1420 705 1478; x_wconf 88' lang='lat' dir='ltr'>te</span> <span class='ocrx_word' id='word_1_77' title='bbox 729 1434 859 1479; x_wconf 87' lang='lat' dir='ltr'>eernere</span> <span class='ocrx_word' id='word_1_78' title='bbox 882 1414 998 1481; x_wconf 83' lang='lat' dir='ltr'>lucem.</span> 
     </span>
     <span class='ocr_line' id='line_1_14' title="bbox 155 1517 978 1604; baseline 0.005 -21"><span class='ocrx_word' id='word_1_79' title='bbox 155 1517 252 1603; x_wconf 90' lang='lat' dir='ltr'>qu]od</span> <span class='ocrx_word' id='word_1_80' title='bbox 277 1519 304 1583; x_wconf 90' lang='lat' dir='ltr'>si</span> <span class='ocrx_word' id='word_1_81' title='bbox 327 1518 425 1601; x_wconf 83' lang='lat' dir='ltr'>longa</span> <span class='ocrx_word' id='word_1_82' title='bbox 448 1519 552 1602; x_wconf 83' lang='lat' dir='ltr'>magis</span> <span class='ocrx_word' id='word_1_83' title='bbox 576 1519 742 1586; x_wconf 83' lang='lat' dir='ltr'>duxissent</span> <span class='ocrx_word' id='word_1_84' title='bbox 765 1520 820 1586; x_wconf 92' lang='lat' dir='ltr'>fila</span> <span class='ocrx_word' id='word_1_85' title='bbox 842 1541 978 1604; x_wconf 82' lang='lat' dir='ltr'>sorores,</span> 
     </span>
     <span class='ocr_line' id='line_1_15' title="bbox 131 1623 1017 1713; baseline 0.002 -22"><span class='ocrx_word' id='word_1_86' title='bbox 131 1626 287 1707; x_wconf 83' lang='lat' dir='ltr'>saequius</span> <span class='ocrx_word' id='word_1_87' title='bbox 310 1623 384 1708; x_wconf 90' lang='lat' dir='ltr'>is[te</span> <span class='ocrx_word' id='word_1_88' title='bbox 407 1623 502 1710; x_wconf 78' lang='lat' dir='ltr'>llapis</span> <span class='ocrx_word' id='word_1_89' title='bbox 525 1627 754 1711; x_wconf 76' lang='lat' dir='ltr'>complecteret</span> <span class='ocrx_word' id='word_1_90' title='bbox 776 1648 850 1693; x_wconf 87' lang='lat' dir='ltr'>ossa</span> <span class='ocrx_word' id='word_1_91' title='bbox 872 1635 1017 1713; x_wconf 88' lang='lat' dir='ltr'>patema.</span> 
     </span>
    </p>
   </div>
   <div class='ocr_carea' id='block_1_7' title="bbox 155 1800 1171 2018">
    <p class='ocr_par' dir='ltr' id='par_1_7' title="bbox 155 1800 1171 2018">
     <span class='ocr_line' id='line_1_16' title="bbox 227 1800 1169 1874; baseline 0.003 -18"><span class='ocrx_word' id='word_1_92' title='bbox 227 1800 298 1856; x_wconf 85' lang='lat' dir='ltr'>CIL.</span> <span class='ocrx_word' id='word_1_93' title='bbox 319 1801 363 1854; x_wconf 92' lang='lat' dir='ltr'>III</span> <span class='ocrx_word' id='word_1_94' title='bbox 381 1801 460 1869; x_wconf 83' lang='grc'><strong>2628,</strong></span> <span class='ocrx_word' id='word_1_95' title='bbox 489 1802 585 1872; x_wconf 88' lang='lat' dir='ltr'>suppl.</span> <span class='ocrx_word' id='word_1_96' title='bbox 605 1803 683 1870; x_wconf 81' lang='grc'><strong>9259,</strong></span> <span class='ocrx_word' id='word_1_97' title='bbox 714 1819 753 1858; x_wconf 88' lang='lat' dir='ltr'>ex</span> <span class='ocrx_word' id='word_1_98' title='bbox 776 1805 878 1874; x_wconf 88' lang='lat' dir='ltr'>lapide</span> <span class='ocrx_word' id='word_1_99' title='bbox 902 1810 1071 1859; x_wconf 84' lang='lat' dir='ltr'>correctum</span> <span class='ocrx_word' id='word_1_100' title='bbox 1096 1806 1169 1859; x_wconf 90' lang='lat' dir='ltr'>mihi</span> 
     </span>
     <span class='ocr_line' id='line_1_17' title="bbox 155 1872 1171 2018; baseline 0.006 -93"><span class='ocrx_word' id='word_1_101' title='bbox 155 1874 235 1926; x_wconf 86' lang='lat' dir='ltr'>misit</span> <span class='ocrx_word' id='word_1_102' title='bbox 252 1872 444 1927; x_wconf 80' lang='lat' dir='ltr'>Burmannus</span> <span class='ocrx_word' id='word_1_103' title='bbox 563 1873 682 1929; x_wconf 89' lang='lat' dir='ltr'>Salonis</span> <span class='ocrx_word' id='word_1_104' title='bbox 802 1877 939 1946; x_wconf 88' lang='lat' dir='ltr'>sequitur</span> <span class='ocrx_word' id='word_1_105' title='bbox 958 1874 986 1930; x_wconf 82' lang='lat' dir='ltr'>si</span> <span class='ocrx_word' id='word_1_106' title='bbox 1004 1874 1075 2018; x_wconf 74' lang='lat' dir='ltr'>qais</span> <span class='ocrx_word' id='word_1_107' title='bbox 1093 1893 1171 1931; x_wconf 82' lang='lat' dir='ltr'>uero</span> 
     </span>
    </p>
   </div>
   <div class='ocr_carea' id='block_1_8' title="bbox 149 1942 1311 2655">
    <p class='ocr_par' dir='ltr' id='par_1_8' title="bbox 149 1942 1311 2655">
     <span class='ocr_line' id='line_1_18' title="bbox 155 1942 1171 2082; baseline 0.006 -86"><span class='ocrx_word' id='word_1_108' title='bbox 155 1942 475 2082; x_wconf 55' lang='lat' dir='ltr'>ouofdsarlclofaqum</span> <span class='ocrx_word' id='word_1_109' title='bbox 489 1944 673 2014; x_wconf 66' lang='lat' dir='ltr'>[opelroerit</span> <span class='ocrx_word' id='word_1_110' title='bbox 692 1946 810 2015; x_wconf 78' lang='lat' dir='ltr'>inferre</span> <span class='ocrx_word' id='word_1_111' title='bbox 823 1945 939 2002; x_wconf 80' lang='lat' dir='ltr'>debebit</span> <span class='ocrx_word' id='word_1_112' title='bbox 954 1948 1009 2018; x_wconf 79' lang='lat' dir='ltr'>fise</span> <span class='ocrx_word' id='word_1_113' title='bbox 1022 1946 1171 2016; x_wconf 80' lang='lat' dir='ltr'>o...a]urt&#39;</span> 
     </span>
     <span class='ocr_line' id='line_1_19' title="bbox 151 2031 267 2083; baseline 0 -15"><span class='ocrx_word' id='word_1_114' title='bbox 151 2031 267 2083; x_wconf 82' lang='lat' dir='ltr'>pono</span> 
     </span>
     <span class='ocr_line' id='line_1_20' title="bbox 224 2083 1168 2158; baseline 0.004 -19"><span class='ocrx_word' id='word_1_115' title='bbox 224 2087 239 2139; x_wconf 91' lang='lat'>1</span> <span class='ocrx_word' id='word_1_116' title='bbox 258 2083 384 2141; x_wconf 71' lang='lat' dir='ltr'>uotiua</span> <span class='ocrx_word' id='word_1_117' title='bbox 401 2086 487 2156; x_wconf 88' lang='lat' dir='ltr'>lapis,</span> <span class='ocrx_word' id='word_1_118' title='bbox 504 2086 607 2155; x_wconf 82' lang='lat' dir='ltr'>potuit</span> <span class='ocrx_word' id='word_1_119' title='bbox 625 2090 714 2143; x_wconf 89' lang='lat' dir='ltr'>nimis</span> <span class='ocrx_word' id='word_1_120' title='bbox 732 2090 827 2143; x_wconf 89' lang='lat' dir='ltr'>latum</span> <span class='ocrx_word' id='word_1_121' title='bbox 846 2104 920 2157; x_wconf 84' lang='lat' dir='ltr'>esse,</span> <span class='ocrx_word' id='word_1_122' title='bbox 938 2087 1003 2158; x_wconf 78' lang='lat' dir='ltr'>fuit</span> <span class='ocrx_word' id='word_1_123' title='bbox 1020 2091 1109 2144; x_wconf 91' lang='lat' dir='ltr'>nimis</span> <span class='ocrx_word' id='word_1_124' title='bbox 1123 2105 1168 2143; x_wconf 89' lang='lat' dir='ltr'>ar·</span> 
     </span>
     <span class='ocr_line' id='line_1_21' title="bbox 151 2158 1171 2230; baseline 0.002 -19"><span class='ocrx_word' id='word_1_125' title='bbox 151 2162 216 2211; x_wconf 93' lang='lat' dir='ltr'>tum</span> <span class='ocrx_word' id='word_1_126' title='bbox 234 2173 290 2226; x_wconf 89' lang='lat' dir='ltr'>pro</span> <span class='ocrx_word' id='word_1_127' title='bbox 309 2158 408 2226; x_wconf 91' lang='lat' dir='ltr'>spatio</span> <span class='ocrx_word' id='word_1_128' title='bbox 427 2158 567 2213; x_wconf 86' lang='lat' dir='ltr'>adfirmat</span> <span class='ocrx_word' id='word_1_129' title='bbox 585 2159 684 2213; x_wconf 91' lang='lat' dir='ltr'>Borm.</span> <span class='ocrx_word' id='word_1_130' title='bbox 704 2177 765 2215; x_wconf 92' lang='lat' dir='ltr'>non</span> <span class='ocrx_word' id='word_1_131' title='bbox 785 2161 876 2214; x_wconf 87' lang='lat' dir='ltr'>datur</span> <span class='ocrx_word' id='word_1_132' title='bbox 900 2176 974 2230; x_wconf 89' lang='lat' dir='ltr'>ergo</span> <span class='ocrx_word' id='word_1_133' title='bbox 995 2159 1101 2226; x_wconf 78' lang='lat' dir='ltr'>doluit,</span> <span class='ocrx_word' id='word_1_134' title='bbox 1125 2162 1171 2213; x_wconf 92' lang='lat' dir='ltr'>in·</span> 
     </span>
     <span class='ocr_line' id='line_1_22' title="bbox 153 2227 1170 2301; baseline 0.003 -20"><span class='ocrx_word' id='word_1_135' title='bbox 153 2227 297 2283; x_wconf 84' lang='lat' dir='ltr'>credibile</span> <span class='ocrx_word' id='word_1_136' title='bbox 316 2234 418 2282; x_wconf 89' lang='lat' dir='ltr'>autem</span> <span class='ocrx_word' id='word_1_137' title='bbox 437 2227 519 2282; x_wconf 82' lang='lat' dir='ltr'>iuuit</span> <span class='ocrx_word' id='word_1_138' title='bbox 618 2232 650 2283; x_wconf 91' lang='lat' dir='ltr'>in</span> <span class='ocrx_word' id='word_1_139' title='bbox 669 2233 729 2285; x_wconf 85' lang='lat' dir='ltr'>fine</span> <span class='ocrx_word' id='word_1_140' title='bbox 742 2231 883 2300; x_wconf 75' lang='lat' dir='ltr'>Paterlne</span> <span class='ocrx_word' id='word_1_141' title='bbox 902 2232 1063 2301; x_wconf 81' lang='lat' dir='ltr'>legebatur</span> <span class='ocrx_word' id='word_1_142' title='bbox 1082 2233 1170 2301; x_wconf 87' lang='lat' dir='ltr'>prius</span> 
     </span>
     <span class='ocr_line' id='line_1_23' title="bbox 224 2298 1173 2369; baseline 0.004 -17"><span class='ocrx_word' id='word_1_143' title='bbox 224 2299 240 2352; x_wconf 94' lang='grc'><strong>2</strong></span> <span class='ocrx_word' id='word_1_144' title='bbox 259 2299 396 2353; x_wconf 81' lang='lat' dir='ltr'>clausula</span> <span class='ocrx_word' id='word_1_145' title='bbox 415 2298 530 2369; x_wconf 85' lang='lat' dir='ltr'>Vergili</span> <span class='ocrx_word' id='word_1_146' title='bbox 550 2299 624 2355; x_wconf 88' lang='lat' dir='ltr'>Aen.</span> <span class='ocrx_word' id='word_1_147' title='bbox 645 2301 716 2356; x_wconf 91' lang='lat' dir='ltr'>VlIl</span> <span class='ocrx_word' id='word_1_148' title='bbox 728 2302 781 2358; x_wconf 82' lang='lat'>563</span> <span class='ocrx_word' id='word_1_149' title='bbox 800 2303 837 2356; x_wconf 88' lang='lat' dir='ltr'>al.</span> <span class='ocrx_word' id='word_1_150' title='bbox 946 2303 963 2357; x_wconf 87' lang='lat'>3</span> <span class='ocrx_word' id='word_1_151' title='bbox 982 2308 1054 2356; x_wconf 90' lang='lat' dir='ltr'>ante</span> <span class='ocrx_word' id='word_1_152' title='bbox 1073 2303 1173 2357; x_wconf 81' lang='lat' dir='ltr'>denos</span> 
     </span>
     <span class='ocr_line' id='line_1_24' title="bbox 153 2370 1168 2443; baseline 0.002 -19"><span class='ocrx_word' id='word_1_153' title='bbox 153 2370 235 2439; x_wconf 86' lang='lat' dir='ltr'>quod</span> <span class='ocrx_word' id='word_1_154' title='bbox 257 2371 372 2424; x_wconf 89' lang='lat' dir='ltr'>uidisse</span> <span class='ocrx_word' id='word_1_155' title='bbox 396 2372 513 2440; x_wconf 89' lang='lat' dir='ltr'>priores</span> <span class='ocrx_word' id='word_1_156' title='bbox 537 2372 595 2426; x_wconf 92' lang='lat' dir='ltr'>sibi</span> <span class='ocrx_word' id='word_1_157' title='bbox 619 2374 806 2428; x_wconf 86' lang='lat' dir='ltr'>uidebantur</span> <span class='ocrx_word' id='word_1_158' title='bbox 824 2391 842 2427; x_wconf 81' lang='lat' dir='ltr'>r</span> <span class='ocrx_word' id='word_1_159' title='bbox 860 2374 979 2428; x_wconf 85' lang='lat' dir='ltr'>litterae</span> <span class='ocrx_word' id='word_1_160' title='bbox 1002 2375 1168 2443; x_wconf 80' lang='lat' dir='ltr'>uestigium</span> 
     </span>
     <span class='ocr_line' id='line_1_25' title="bbox 153 2441 1106 2513; baseline 0.003 -18"><span class='ocrx_word' id='word_1_161' title='bbox 153 2441 247 2504; x_wconf 87' lang='lat' dir='ltr'>(unde</span> <span class='ocrx_word' id='word_1_162' title='bbox 266 2443 312 2495; x_wconf 85' lang='lat' dir='ltr'>ter</span> <span class='ocrx_word' id='word_1_163' title='bbox 329 2442 550 2496; x_wconf 77' lang='lat' dir='ltr'>Hirschfeldius</span> <span class='ocrx_word' id='word_1_164' title='bbox 569 2444 726 2513; x_wconf 80' lang='lat' dir='ltr'>suppleret</span> <span class='ocrx_word' id='word_1_165' title='bbox 744 2445 869 2510; x_wconf 75' lang='lat' dir='ltr'>inuitus)</span> <span class='ocrx_word' id='word_1_166' title='bbox 890 2446 987 2499; x_wconf 89' lang='lat' dir='ltr'>omisit</span> <span class='ocrx_word' id='word_1_167' title='bbox 1007 2443 1106 2499; x_wconf 87' lang='lat' dir='ltr'>Borm.</span> 
     </span>
     <span class='ocr_line' id='line_1_26' title="bbox 224 2512 1311 2585; baseline 0.005 -20"><span class='ocrx_word' id='word_1_168' title='bbox 224 2513 398 2567; x_wconf 71' lang='lat' dir='ltr'>lelausula</span> <span class='ocrx_word' id='word_1_169' title='bbox 417 2512 534 2567; x_wconf 88' lang='lat' dir='ltr'>Lucani</span> <span class='ocrx_word' id='word_1_170' title='bbox 554 2515 693 2582; x_wconf 67' lang='lat' dir='ltr'>caleat</span> <span class='ocrx_word' id='word_1_171' title='bbox 799 2516 996 2585; x_wconf 73' lang='lat' dir='ltr'>icompleoto</span> <span class='ocrx_word' id='word_1_172' title='bbox 1011 2531 1073 2584; x_wconf 80' lang='lat' dir='ltr'>pro</span> <span class='ocrx_word' id='word_1_173' title='bbox 1092 2531 1172 2569; x_wconf 85' lang='lat' dir='ltr'>oom-</span> <span class='ocrx_word' id='word_1_174' title='bbox 1249 2519 1254 2525; x_wconf 69' lang='grc'><em>·</em></span> <span class='ocrx_word' id='word_1_175' title='bbox 1310 2540 1311 2561; x_wconf 58' lang='grc'><strong>1</strong></span> 
     </span>
     <span class='ocr_line' id='line_1_27' title="bbox 149 2583 865 2655; baseline 0.007 -19"><span class='ocrx_word' id='word_1_176' title='bbox 149 2584 267 2653; x_wconf 81' lang='lat' dir='ltr'>plector</span> <span class='ocrx_word' id='word_1_177' title='bbox 286 2583 403 2652; x_wconf 87' lang='lat' dir='ltr'>antiqui</span> <span class='ocrx_word' id='word_1_178' title='bbox 422 2585 505 2654; x_wconf 88' lang='lat' dir='ltr'>apud</span> <span class='ocrx_word' id='word_1_179' title='bbox 524 2585 713 2643; x_wconf 77' lang='lat' dir='ltr'>Priscianum</span> <span class='ocrx_word' id='word_1_180' title='bbox 731 2603 760 2655; x_wconf 90' lang='lat' dir='ltr'>p.</span> <span class='ocrx_word' id='word_1_181' title='bbox 773 2587 865 2655; x_wconf 85' lang='grc'><strong>393,9</strong></span> 
     </span>
    </p>
   </div>
   <div class='ocr_carea' id='block_1_9' title="bbox 630 2724 776 2815">
    <p class='ocr_par' dir='ltr' id='par_1_9' title="bbox 630 2724 776 2815">
     <span class='ocr_line' id='line_1_28' title="bbox 630 2724 776 2815; baseline 0.007 -1"><span class='ocrx_word' id='word_1_182' title='bbox 630 2751 694 2815; x_wconf 78' lang='grc'><strong>451</strong></span> <span class='ocrx_word' id='word_1_183' title='bbox 773 2724 776 2729; x_wconf 46' lang='lat'><strong>⁴</strong></span> 
     </span>
    </p>
   </div>
   <div class='ocr_carea' id='block_1_10' title="bbox 130 2872 1173 3492">
    <p class='ocr_par' dir='ltr' id='par_1_10' title="bbox 155 2872 1173 3277">
     <span class='ocr_line' id='line_1_29' title="bbox 155 2872 1173 2958; baseline -0.003 -20"><span class='ocrx_word' id='word_1_184' title='bbox 155 2873 205 2938; x_wconf 83' lang='lat' dir='ltr'>Tu</span> <span class='ocrx_word' id='word_1_185' title='bbox 219 2872 409 2955; x_wconf 80' lang='lat' dir='ltr'>quicumque</span> <span class='ocrx_word' id='word_1_186' title='bbox 421 2873 514 2957; x_wconf 73' lang='lat' dir='ltr'>legils</span> <span class='ocrx_word' id='word_1_187' title='bbox 527 2873 664 2958; x_wconf 76' lang='lat' dir='ltr'>tiltulunr</span> <span class='ocrx_word' id='word_1_188' title='bbox 677 2881 819 2940; x_wconf 89' lang='lat' dir='ltr'>nostrum</span> <span class='ocrx_word' id='word_1_189' title='bbox 831 2893 1009 2957; x_wconf 84' lang='lat' dir='ltr'>nomenque</span> <span class='ocrx_word' id='word_1_190' title='bbox 1024 2872 1173 2956; x_wconf 75' lang='lat' dir='ltr'>requiris,</span> 
     </span>
     <span class='ocr_line' id='line_1_30' title="bbox 155 2980 1017 3067; baseline 0.001 -22"><span class='ocrx_word' id='word_1_191' title='bbox 155 2981 265 3065; x_wconf 81' lang='lat' dir='ltr'>aspice</span> <span class='ocrx_word' id='word_1_192' title='bbox 288 3000 350 3063; x_wconf 87' lang='lat' dir='ltr'>quo</span> <span class='ocrx_word' id='word_1_193' title='bbox 374 2981 442 3045; x_wconf 87' lang='lat' dir='ltr'>fato</span> <span class='ocrx_word' id='word_1_194' title='bbox 466 2986 578 3065; x_wconf 88' lang='lat' dir='ltr'>raptus</span> <span class='ocrx_word' id='word_1_195' title='bbox 600 2981 678 3046; x_wconf 91' lang='lat' dir='ltr'>mihi</span> <span class='ocrx_word' id='word_1_196' title='bbox 702 2982 833 3066; x_wconf 81' lang='lat' dir='ltr'>spiritus</span> <span class='ocrx_word' id='word_1_197' title='bbox 857 2980 934 3067; x_wconf 88' lang='lat' dir='ltr'>or[e]</span> <span class='ocrx_word' id='word_1_198' title='bbox 958 2987 1017 3046; x_wconf 82' lang='lat' dir='ltr'>est.</span> 
     </span>
     <span class='ocr_line' id='line_1_31' title="bbox 155 3086 1084 3172; baseline 0 -21"><span class='ocrx_word' id='word_1_199' title='bbox 155 3107 257 3152; x_wconf 90' lang='lat' dir='ltr'>nonus</span> <span class='ocrx_word' id='word_1_200' title='bbox 279 3088 321 3152; x_wconf 90' lang='lat' dir='ltr'>ab</span> <span class='ocrx_word' id='word_1_201' title='bbox 344 3089 473 3172; x_wconf 82' lang='lat' dir='ltr'>incepto</span> <span class='ocrx_word' id='word_1_202' title='bbox 498 3089 646 3153; x_wconf 81' lang='lat' dir='ltr'>currebat</span> <span class='ocrx_word' id='word_1_203' title='bbox 669 3088 748 3152; x_wconf 91' lang='lat' dir='ltr'>mihi</span> <span class='ocrx_word' id='word_1_204' title='bbox 771 3086 949 3172; x_wconf 70' lang='lat' dir='ltr'>temlpolris</span> <span class='ocrx_word' id='word_1_205' title='bbox 972 3106 1084 3170; x_wconf 89' lang='lat' dir='ltr'>annus,</span> 
     </span>
     <span class='ocr_line' id='line_1_32' title="bbox 156 3193 985 3277; baseline 0.002 -20"><span class='ocrx_word' id='word_1_206' title='bbox 156 3194 231 3258; x_wconf 90' lang='lat' dir='ltr'>dum</span> <span class='ocrx_word' id='word_1_207' title='bbox 255 3194 360 3259; x_wconf 90' lang='lat' dir='ltr'>subito</span> <span class='ocrx_word' id='word_1_208' title='bbox 385 3195 532 3260; x_wconf 82' lang='lat' dir='ltr'>incautus</span> <span class='ocrx_word' id='word_1_209' title='bbox 555 3194 646 3259; x_wconf 87' lang='lat' dir='ltr'>fratri</span> <span class='ocrx_word' id='word_1_210' title='bbox 670 3214 854 3260; x_wconf 81' lang='lat' dir='ltr'>succurrere</span> <span class='ocrx_word' id='word_1_211' title='bbox 878 3193 985 3277; x_wconf 86' lang='lat' dir='ltr'>tendo,</span> 
     </span>
    </p>

    <p class='ocr_par' dir='ltr' id='par_1_11' title="bbox 130 3300 1085 3492">
     <span class='ocr_line' id='line_1_33' title="bbox 130 3300 968 3386; baseline -0.004 -19"><span class='ocrx_word' id='word_1_212' title='bbox 130 3320 206 3367; x_wconf 74' lang='lat' dir='ltr'>eme</span> <span class='ocrx_word' id='word_1_213' title='bbox 229 3306 300 3364; x_wconf 86' lang='lat' dir='ltr'>rota</span> <span class='ocrx_word' id='word_1_214' title='bbox 323 3300 507 3385; x_wconf 90' lang='lat' dir='ltr'>sublapsum</span> <span class='ocrx_word' id='word_1_215' title='bbox 530 3301 647 3385; x_wconf 90' lang='lat' dir='ltr'>pressit</span> <span class='ocrx_word' id='word_1_216' title='bbox 669 3302 758 3386; x_wconf 89' lang='lat' dir='ltr'>prius</span> <span class='ocrx_word' id='word_1_217' title='bbox 805 3350 812 3365; x_wconf 98' lang='lat'><strong>.</strong></span> <span class='ocrx_word' id='word_1_218' title='bbox 883 3350 890 3365; x_wconf 98' lang='lat'><strong>.</strong></span> <span class='ocrx_word' id='word_1_219' title='bbox 962 3349 968 3364; x_wconf 94' lang='lat'><strong>.</strong></span> 
     </span>
     <span class='ocr_line' id='line_1_34' title="bbox 157 3406 1085 3492; baseline 0.001 -21"><span class='ocrx_word' id='word_1_220' title='bbox 157 3413 190 3471; x_wconf 90' lang='lat' dir='ltr'>et</span> <span class='ocrx_word' id='word_1_221' title='bbox 259 3456 266 3470; x_wconf 93' lang='lat'><strong>.</strong></span> <span class='ocrx_word' id='word_1_222' title='bbox 393 3457 400 3471; x_wconf 97' lang='lat'><strong>.</strong></span> <span class='ocrx_word' id='word_1_223' title='bbox 526 3457 534 3472; x_wconf 89' lang='lat'><strong>.</strong></span> <span class='ocrx_word' id='word_1_224' title='bbox 610 3428 648 3473; x_wconf 88' lang='lat' dir='ltr'>us</span> <span class='ocrx_word' id='word_1_225' title='bbox 670 3408 749 3472; x_wconf 90' lang='lat' dir='ltr'>mihi</span> <span class='ocrx_word' id='word_1_226' title='bbox 771 3406 862 3492; x_wconf 90' lang='lat' dir='ltr'>ui[ta]</span> <span class='ocrx_word' id='word_1_227' title='bbox 887 3408 945 3473; x_wconf 89' lang='lat' dir='ltr'>sub</span> <span class='ocrx_word' id='word_1_228' title='bbox 969 3407 1085 3492; x_wconf 87' lang='lat' dir='ltr'>aur[as.</span> 
     </span>
    </p>
   </div>
   <div class='ocr_carea' id='block_1_11' title="bbox 230 3581 1174 3654">
    <p class='ocr_par' dir='ltr' id='par_1_12' title="bbox 230 3581 1174 3654">
     <span class='ocr_line' id='line_1_35' title="bbox 230 3581 1174 3654; baseline 0.002 -17"><span class='ocrx_word' id='word_1_229' title='bbox 230 3581 301 3637; x_wconf 85' lang='lat' dir='ltr'><strong>CIL.</strong></span> <span class='ocrx_word' id='word_1_230' title='bbox 320 3582 365 3636; x_wconf 91' lang='lat' dir='ltr'>XI</span> <span class='ocrx_word' id='word_1_231' title='bbox 382 3583 461 3653; x_wconf 79' lang='lat'>4311,</span> <span class='ocrx_word' id='word_1_232' title='bbox 481 3584 545 3638; x_wconf 89' lang='lat' dir='ltr'>uidi</span> <span class='ocrx_word' id='word_1_233' title='bbox 564 3589 674 3654; x_wconf 85' lang='lat' dir='ltr'>ectypa</span> <span class='ocrx_word' id='word_1_234' title='bbox 693 3583 858 3639; x_wconf 89' lang='lat' dir='ltr'>Bormanni</span> <span class='ocrx_word' id='word_1_235' title='bbox 968 3583 1174 3639; x_wconf 89' lang='lat' dir='ltr'>Interamnae.</span> 
     </span>
    </p>
   </div>
   <div class='ocr_carea' id='block_1_12' title="bbox 0 0 1338 3882">
    <p class='ocr_par' dir='ltr' id='par_1_13' title="bbox 0 0 1338 3882">
     <span class='ocr_line' id='line_1_36' title="bbox 0 0 1338 3882; baseline 0 0"><span class='ocrx_word' id='word_1_236' title='bbox 0 0 1338 3882; x_wconf 95' lang='lat' dir='ltr'> </span> 
     </span>
    </p>
   </div>
  </div>
 </body>
</html>
