2650 3882
572 210 760 250 HEXAMETRI

160 359 296 425 siccauit
318 364 419 424 tetum
443 334 599 441 quidquid
623 356 840 423 madefecerat
864 357 986 422 humer.

160 466 283 531 inuenit
305 465 436 548 sentem,
459 466 594 550 praebet
618 465 673 547 qui
697 465 781 530 dena
804 464 925 530 salutis.

122 600 148 638 10
160 572 241 638 haec
265 572 389 638 curauit
412 572 587 637 Mercurius
610 571 710 637 leuita
732 570 846 636 fidelis.

232 748 320 803 Rossi
338 750 428 803 inser.
449 750 549 804 christ.
568 750 652 803 Rom.
672 748 701 801 ΙΙ
719 748 762 816 56,
783 746 944 814 1401411,
964 746 981 801 5
1062 746 1174 815 prodiit

160 835 293 874 marmor
312 836 393 889 pone
414 822 568 875 basilicam
586 821 773 887 vaticanam,
798 824 882 874 extat
905 820 938 872 in
961 819 1075 886 cryptis
1093 816 1174 871 Vati-

163 894 254 945 canis.
284 892 342 945 hoc
361 908 484 947 carmen
503 908 542 947 ex
555 892 748 946 Damasianis
768 892 898 960 primum
918 890 1007 943 rediit
1025 890 1057 941 in
1076 888 1175 942 lucem

162 963 283 1017 saecule
300 962 362 1031 XV,
382 964 453 1017 mihi
473 966 524 1033 qui
543 962 796 1017 necDamasiana
815 977 872 1015 nec
891 961 1055 1015 christiana
1075 960 1175 1014 emnia

162 1049 344 1102 percensere
362 1036 442 1100 uolo,
462 1051 544 1089 nunc
563 1039 749 1103 postremum
769 1038 832 1088 esto

233 1106 250 1159 8
268 1120 358 1159 umor
366 1105 523 1161 PSabinus
536 1105 687 1159 adnotans
700 1105 770 1158 hinc
790 1104 865 1158 disci
885 1103 1037 1172 quomode
1056 1102 1088 1155 id
1107 1116 1174 1154 uer·

162 1176 236 1230 burn
262 1176 455 1302 scrgbendum
475 1180 520 1231 011.
555 1176 719 1229 0111011101·
742 1177 794 1244 qui
819 1179 903 1229 extat
922 1175 1036 1228 titulus.
1071 1189 1111 1226 an
1130 1187 1175 1226 re·

163 1253 297 1301 nouatus

639 1373 702 1438 311
792 1419 793 1422 ,

164 1496 226 1575 Qui
248 1504 455 1582 peccatorum
478 1497 589 1563 sordes
613 1499 741 1563 abolere
763 1499 903 1583 priorum

163 1605 330 1687 terrenisq.
355 1611 448 1689 eptas
471 1604 605 1670 maculis
629 1605 795 1670 absoluere
818 1605 928 1686 uitam,

164 1710 227 1776 huc
250 1711 329 1776 ades
352 1710 395 1775 ad
419 1709 565 1795 Chr(ist)i
589 1711 709 1775 fontem
733 1731 890 1792 sacrumq.
914 1709 1081 1792 liquorem,

166 1838 281 1902 cerpus
303 1818 359 1881 ubi
382 1837 422 1881 ac
444 1821 568 1881 mentes
590 1818 711 1900 pariter
734 1836 876 1898 sensusq.
900 1816 1048 1880 lauantur

141 1930 359 2005 caeternumq.
384 1922 480 1987 datur
504 1928 592 1987 casto
617 1922 809 2006 baptismate
832 1941 954 1986 munus.

165 2028 249 2094 hanc
273 2035 380 2093 autem
402 2028 478 2094 fidei
501 2028 610 2093 sedem
635 2029 812 2093 construxit
835 2028 876 2092 ab
900 2028 963 2091 imo

166 2136 299 2201 militiae
322 2136 427 2201 clarus
451 2135 551 2201 titulis
574 2136 700 2218 aulaeq.
724 2134 828 2199 fidelis

165 2243 362 2325 Romanaeq.
386 2243 474 2308 urbis
497 2242 680 2327 praefectus
703 2241 934 2324 Longinianus.

237 2419 324 2474 Rossi
345 2421 434 2473 inser.
454 2420 554 2473 christ.
573 2419 656 2480 Rom.
677 2418 706 2472 II
725 2436 754 2488 p.
772 2418 832 2483 150,
851 2417 885 2471 19
908 2432 947 2470 ex
972 2416 1076 2469 codice
1094 2414 1180 2468 Pala·

165 2492 229 2546 tine
330 2493 362 2544 in
372 2490 400 2546 S.
409 2490 590 2545 Anastasiae
609 2492 641 2543 iu
652 2491 790 2544 Palatino
810 2490 868 2542 fuit
888 2488 936 2542 ‘ad
955 2485 1072 2541 fontes’.
1101 2484 1179 2539 Len-

166 2564 310 2632 ginianus
330 2562 538 2631 (longimanus
558 2562 624 2616 cod.
644 2578 705 2630 quo
725 2562 801 2615 solet
818 2560 850 2613 id
869 2575 981 2613 nomen
999 2557 1110 2612 mendo
1130 2556 1179 2610 de·

166 2635 302 2696 fermari)
322 2635 516 2701 praefectura
534 2635 619 2686 urbis
638 2635 762 2687 functus
782 2638 826 2685 est
846 2647 908 2684 uon
927 2647 953 2685 a.
965 2629 1018 2684 394
1037 2627 1180 2693 (1101100

167 2704 475 2828 Siushcalaffiplapsu)
494 2704 548 2758 sed
567 2720 594 2758 a.
613 2702 798 2775 4021310111.
817 2702 857 2757 VI
879 2703 955 2769 1188,
980 2700 1077 2757 Seeck
1097 2698 1180 2768 Sym-

166 2791 233 2829 mae
255 2776 265 2828 i
284 2791 312 2843 p.
380 2779 389 2839 )

206 2846 255 2970 dl
273 2843 384 2900 minies
404 2845 510 2914 codex,
530 2861 585 2900 em.
606 2844 717 2900 Gruter
737 2844 815 2913 1164,
835 2845 850 2899 7
959 2844 976 2899 5
996 2845 1178 2910 0010000010.

167 2933 202 2972 co
227 2933 265 2972 ex

641 3043 708 3106 312

168 3169 300 3235 Culmen
323 3168 535 3253 apostolicum
559 3187 630 3232 eum
654 3166 852 3231 Caelestinus
875 3166 1009 3230 haberet

167 3275 288 3360 primus
311 3276 399 3340 etin
423 3279 491 3339 1010
515 3273 653 3357 fulgeret
676 3273 845 3357 episcopus
868 3273 955 3355 erbe,

167 3382 249 3447 haec
272 3402 355 3464 quae
378 3381 503 3447 miraris
526 3379 674 3444 fundauit
696 3380 865 3464 presbyter
888 3381 975 3445 urbis

167 3488 298 3573 Illyrica
321 3488 363 3553 de
385 3494 482 3571 gente
505 3488 630 3569 Petrus,
654 3485 704 3550 uir
726 3486 854 3552 nemine
877 3492 967 3552 tanto

142 3594 295 3679 sdignus,
319 3596 360 3660 ab
385 3600 498 3660 exortu
523 3593 642 3660 Christi
664 3594 802 3658 nutritus
824 3594 858 3658 in
881 3594 965 3675 aula,
