2650 3882
569 168 757 208 nnxaunrm
1114 153 1167 208 231

156 317 194 371 ab
205 315 332 371 Horatio
348 316 493 369 usitatum
507 320 561 380 est,
578 312 719 383 perducit
732 314 811 368 laeta
825 311 981 383 liquorem,
1002 319 1036 368 ut
1046 313 1168 369 Momm·

156 403 210 442 sen
229 388 259 440 in
278 386 391 441 Herma
410 386 584 465 adnotauit„
602 387 632 439 in
653 386 786 439 carmine
806 385 918 454 legitur
936 384 1065 454 Orphico
1085 385 1169 455 apud

155 457 325 513 Arnobium
346 457 372 513 V
390 457 425 511 26

626 547 692 611 485

155 654 260 720 Scribi
283 655 317 718 in
340 654 433 718 titulo
457 654 641 719 uersuaulss
664 653 738 717 5515
762 652 902 736 quinque
926 651 1087 717 decenter.
1108 648 1113 736 Ι

155 761 303 827 Valerius
325 760 440 825 Auitus
463 760 525 825 hoe
547 761 661 844 scripsi
685 759 888 824 Conimbriea
910 764 1013 824 natus.
1036 755 1040 843 Ι

155 886 240 932 mors
262 865 369 932 subito
393 865 520 951 eripuit.

155 956 222 1038 uixi
246 979 295 1039 ter
317 972 418 1038 denos
438 971 443 1058 Ι
463 993 563 1038 55555
586 973 654 1038 sine
678 972 809 1037 erimine
832 973 932 1037 uitae.

131 1080 254 1145 suiuite
277 1076 412 1165 uielturi,
435 1098 565 1143 moneo:
588 1099 673 1144 mors
697 1079 843 1144 omnibus
865 1080 975 1144 instat.

229 1219 300 1276 CIL.
320 1218 429 1285 11391,
449 1219 546 1289 suppl.
566 1236 594 1288 p.
607 1219 660 1274 815
680 1235 719 1273 ex
737 1219 855 1274 schedis
957 1217 1109 1274 Conimbri
1133 1232 1172 1272 ae

155 1290 372 1345 Lusitanorum
474 1292 695 1360 praescriptum
715 1291 743 1344 d.
763 1291 805 1343 M.
824 1287 942 1345 Valerio
961 1288 1052 1343 Auito
1070 1289 1097 1343 V
1125 1286 1171 1343 ert'

157 1360 278 1416 Mertai
293 1362 334 1444 fil.
354 1377 426 1415 aaa.
438 1361 528 1415 XXX
544 1360 665 1416 Valeria
680 1359 818 1416 Fuseilla
835 1363 933 1416 mater
948 1360 990 1430 fil.
1009 1358 1171 1415 5551551555

157 1434 185 1488 et
199 1430 395 1502 pientissimo
414 1434 441 1486 et
460 1431 733 1503 opsequeutr'ssimo
751 1431 890 1501 ptosur't).
924 1433 1005 1486 infra
1028 1431 1171 1499 circaque

158 1505 251 1629 signrlal
272 1506 359 1559 fuere
378 1505 567 1559 uoluminum
588 1504 785 1574 pugillarium
805 1503 929 1558 tabulae
952 1507 1067 1573 puncta
1084 1500 1170 1555 XXX

158 1582 229 1631 exto
253 1577 331 1631 entis

228 1647 243 1699 1
264 1648 370 1702 debuit
388 1644 557 1701 uersiculos
575 1644 669 1700 scribi
682 1645 717 1700 iu
729 1644 817 1700 titulo
916 1645 935 1698 4
953 1641 1172 1700 rrimiuaeMa·

156 1719 261 1772 nutius
279 1718 412 1772 tradidit.
441 1715 508 1771 sine
527 1714 656 1771 eramiae
674 1717 773 1771 uitam
792 1717 882 1786 Verg.
901 1715 977 1770 Aen.
997 1715 1038 1771 IV
1056 1714 1109 1768 550

228 1789 245 1842 5
265 1788 360 1843 uiuite
377 1786 489 1857 felices,
508 1803 623 1854 morter),
640 1804 678 1841 m.
700 1804 725 1842 o.
744 1787 764 1841 i.
784 1789 816 1840 in
835 1788 989 1856 epitaphio
1004 1785 1172 1840 Veronensi

158 1858 230 1915 CIL.
251 1859 276 1912 V
295 1859 366 1913 3403

633 1931 699 1994 486

202 2038 243 2102 Ι).
267 2037 310 2101 Μ.
332 2033 336 2124 Ι
358 2036 522 2120 Gargiliae
545 2037 728 2102 Honoratus
752 2034 951 2101 Salditanae.

156 2144 250 2228 uix[it
274 2150 323 2209 ter
346 2142 457 2228 denos]
477 2140 482 2230 Ι
502 2163 603 2209 annos
626 2144 696 2209 sine
719 2142 850 2208 erimine
873 2142 947 2208 ullu.

156 2251 257 2316 uiuite
279 2250 453 2335 mortales,
476 2270 606 2316 moneo:
629 2249 726 2334 mors]
747 2247 752 2336 Ι
773 2249 918 2314 omnibus
941 2247 1049 2313 instat.

156 2356 272 2423 discite
296 2357 351 2442 qui
374 2358 494 2442 legitis.

132 2483 217 2547 sego
253 2463 378 2549 [dolens
409 2464 483 2547 1551]
513 2461 518 2549 Ι
545 2463 717 2528 Herinnius
749 2463 896 2545 Rogatus
928 2459 1172 2544 sescupliuan'us

202 2568 339 2654 cla[ssis]
354 2618 362 2635 .
377 2619 406 2635 ..
428 2567 433 2655 Ι
453 2569 589 2635 maritae
613 2589 705 2635 meae
729 2568 848 2652 dignae
871 2574 904 2632 et
927 2566 1070 2631 meritae.

202 2676 370 2760 Gurgitis,
394 2674 489 2759 terra]
510 2674 515 2761 Ι
535 2676 595 2740 tibi
617 2676 698 2741 leuis
720 2677 773 2740 sit.

229 2817 351 2886 Ephem.
372 2818 468 2886 epigr.
486 2815 512 2871 V
531 2833 559 2885 p.
573 2816 626 2871 461
647 2832 676 2870 n.
696 2816 749 2869 993
768 2817 864 2871 deser.
886 2813 1077 2870 Ithchmidt
1121 2834 1124 2841 ·

157 2886 328 2944 Caesareae
347 2887 523 2942 Maurorum

230 2960 245 3011 1
259 2957 370 3014 Saldae
383 2959 520 3013 eiusdem
532 2959 712 3028 prouinciae
725 2958 845 3013 colonia
943 2957 960 3010 2
971 2972 992 3011 s.
1012 2957 1048 3010 cf.
1058 2954 1119 3022 485,
1130 2969 1171 3008 rs.

257 3030 274 3084 6
295 3028 399 3085 Garoi-
417 3030 495 3099 lapis

633 3120 698 3184 481

156 3228 220 3293 Hie
242 3228 306 3292 iam
330 3246 413 3293 nune
436 3227 515 3292 situs
538 3232 587 3291 est
611 3225 771 3309 quondam
794 3224 1010 3311 praestantius
1033 3223 1086 3288 ille

158 3332 330 3415 omnib(us)
354 3332 388 3397 in
411 3333 503 3399 terris
526 3331 613 3397 fama
635 3332 766 3415 uitaque
788 3332 951 3417 probatus.

157 3438 212 3506 hie
234 3438 295 3504 fuit
318 3438 361 3504 ad
384 3458 516 3524 superos
538 3438 628 3521 felix,
653 3458 715 3520 quo
738 3458 802 3502 non
825 3436 949 3502 felicior
973 3436 1054 3500 alter

157 3553 213 3610 aut
237 3545 297 3611 fuit
321 3551 376 3611 aut
398 3545 490 3629 uixit,
515 3545 651 3630 simplex
674 3545 775 3610 bonus
798 3550 894 3626 atque
918 3543 1041 3608 beatus.
