2644 3884
636 192 765 234 seusun
1165 180 1200 235 69

181 339 242 395 uice
259 337 435 394 muliebrem
453 340 604 393 muudum
621 336 802 394 uindicabat
823 338 891 394 sibi.
918 342 922 407 Ι
946 338 981 394 iu
1003 338 1109 394 uirum
1130 338 1198 394 reli·

183 409 328 482 qimaiu
341 426 372 465 se
382 408 509 480 pudica,
520 410 555 465 iu
565 407 691 479 familia
703 414 802 465 mater
812 409 884 479 fuit.
901 413 905 478 Ι
921 410 1017 467 irasci
1028 427 1199 481 numquam

181 486 238 538 aut
256 480 377 537 insilire
395 497 578 552 quemquam
603 485 740 536 uouerat.
769 485 773 547 Ι
798 484 881 536 cultu
903 484 1035 553 aeplecte
1058 481 1198 552 eorporis

179 552 320 608 moribus
338 569 369 608 se
389 554 519 607 eruebat
537 551 603 607 ruis
628 554 632 620 1
658 556 685 607 et
696 593 702 605 .
715 593 721 605 .
733 594 739 605 .
751 593 757 606 .
765 554 886 622 pudere
908 555 971 608 selo
995 552 1199 609 comitabatur

180 642 246 680 sue.
276 625 403 694 expulso
423 625 602 679 emblemate
620 625 840 694 paenultimum
859 640 983 679 uersum
1006 626 1094 679 uides
1113 640 1199 679 sena-

181 698 220 750 rii
239 696 420 750 simillimum
433 695 520 749 reddi
534 711 570 749 ae
590 697 614 749 si
627 697 740 765 nugari
753 697 944 765 permittitur,
963 702 1060 750 tetum
1075 712 1198 750 carmen

181 769 251 821 ilice
269 772 452 837 perterruere
466 783 541 821 uam
553 766 667 821 cdniuec
678 767 751 836 fida,
768 764 891 821 iuuenis
900 765 1070 821 communis
1079 782 1197 836 pareus

179 837 217 892 in
236 838 268 892 se
282 836 408 908 pudica,
427 836 462 891 ia
478 836 605 908 familia
624 841 722 892 mater
739 836 810 907 tuit,
830 836 925 892 ircisci
942 836 1021 892 nulli
1034 841 1089 892 aut
1103 836 1198 892 inaul-

180 913 249 965 tare
268 912 405 975 uouerat,
424 907 482 963 uiae
500 907 680 964 uiudicubat
692 907 868 963 muliebrem
880 910 1030 963 mundum
1043 907 1103 963 sibi
1116 910 1198 962 cultu

179 982 315 1051 ueqlecte
337 979 473 1035 moribus
492 996 524 1035 se
545 996 662 1036 ernaas
684 978 759 1045 suia,
777 981 899 1049 puddre
918 981 981 1035 sele
1001 979 1091 1035 solita
1110 979 1199 1034 comi-

181 1050 246 1106 tari
262 1050 352 1121 foris.
381 1053 460 1106 bene
479 1052 623 1106 admonet
641 1052 705 1106 Leo
725 1050 891 1106 Alcmenae
909 1052 1010 1105 Plauti
1024 1050 1131 1121 Amph.
1145 1052 1198 1105 930

181 1122 322 1178 comitem
343 1121 421 1177 milti
441 1121 631 1191 pudicitiam
657 1124 783 1177 ducrere.
822 1123 954 1192 denique
979 1140 1023 1177 nr.
1044 1123 1094 1177 187
1118 1137 1198 1191 quae

183 1211 255 1264 pars
274 1196 400 1248 nimium
419 1195 557 1247 mutilata
572 1199 625 1261 est,
646 1200 782 1248 extrema
795 1194 887 1248 habet
900 1195 990 1248 haec:
1010 1196 1091 1248 caele
1108 1192 1199 1262 frui]-

181 1269 236 1320 tur
254 1267 337 1336 qued
354 1280 474 1335 semper
486 1263 606 1334 optauit
619 1263 679 1319 sibi
695 1268 699 1329 Ι
716 1305 794 1319 .....
804 1263 895 1335 uirqe
915 1263 962 1319 bis
977 1263 1065 1319 denis
1077 1268 1199 1320 morata

182 1335 309 1392 orbibus
325 1338 330 1404 Ι
348 1376 425 1389 .....
436 1335 527 1405 lleues
546 1334 595 1390 llic
613 1338 733 1407 sepulta
752 1352 871 1405 semper
888 1334 970 1391 uiuit
987 1335 1048 1391 sibi

637 1500 745 1508 -ρ-

662 1624 724 1687 111

181 1748 324 1833 H]0spes
347 1748 480 1812 reseiste
504 1753 536 1812 et
560 1747 669 1831 aspice
693 1747 880 1831 aeltemam]
905 1746 1018 1812 domu:

181 1874 243 1940 pre
266 1852 408 1918 mereitis
431 1852 568 1938 statudt]
595 1854 689 1918 coiux
713 1854 839 1937 coingei
863 1851 909 1935 e[t
932 1853 1023 1918 sibei.

252 2030 370 2085 Netizie
390 2030 417 2084 d.
437 2031 522 2083 seavi
542 2030 612 2084 1893
629 2047 657 2100 p.
671 2030 706 2084 28
727 2030 823 2084 deser.
843 2029 997 2085 Ciavarini
1102 2046 1198 2100 prope

181 2100 341 2156 Anconam
362 2102 466 2155 Piceni
485 2102 517 2155 in
537 2103 625 2171 cippo
645 2102 751 2155 mutilo
874 2117 968 2170 supra
986 2101 1027 2154 ad
1046 2102 1199 2155 sinistram

181 2174 307 2228 relictae
327 2178 398 2226 sunt
415 2172 535 2227 litterae
555 2173 647 2227 hae..
660 2189 728 2227 ‚ma
747 2189 783 2226 co
799 2174 802 2240 Ι
820 2188 911 2226 ...us
923 2170 982 2227 celi
996 2187 1072 2243 quas
1086 2174 1199 2242 excipit

181 2244 294 2298 calathi
313 2244 424 2313 ligura,
443 2244 483 2296 ad
503 2244 642 2297 dextram
661 2249 799 2314 pretome
819 2244 982 2298 muliebris.
1010 2243 1102 2297 finem
1121 2245 1199 2298 fece·

180 2320 253 2369 runt
272 2316 459 2369 monumenti
480 2316 591 2369 senarii
611 2331 704 2384 supra
724 2316 835 2384 scripti,
859 2316 989 2369 fortasse
1014 2316 1105 2369 etiam
1131 2315 1200 2369 reli·

181 2388 275 2455 quiae
293 2387 370 2440 istae
390 2391 460 2439 sunt
478 2387 649 2440 iamborum
668 2387 764 2450 (uelut
781 2386 875 2455 fusus
894 2384 962 2453 coli)

254 2458 271 2510 2
290 2457 396 2512 debuit
414 2455 549 2511 meriteis

662 2583 725 2647 118

183 2708 311 2793 Hospes
333 2707 446 2773 resiste
469 2714 501 2773 et
524 2708 585 2773 nisi
608 2708 782 2790 molestum,
806 2707 946 2792 perlege.

181 2815 248 2879 noli
272 2821 462 2880 stemaeare.
497 2813 628 2898 suadee,
654 2813 781 2880 caldum
804 2814 907 2879 bibas.

591 2920 800 2985 moriundust.
835 2921 919 2985 uale.

255 3096 327 3152 CIL.
346 3097 374 3151 X
392 3097 471 3165 5371,
495 3097 656 3152 Minervini
675 3098 707 3149 in
726 3097 801 3149 actis
821 3098 914 3164 antiq.
934 3095 1107 3151 (lasertanis
1128 3095 1198 3149 1874

181 3169 243 3238 pi
315 3169 398 3238 apud
408 3169 629 3223 Interamnates
638 3168 797 3222 Lirenates
816 3168 848 3220 111
869 3183 944 3248 agro
966 3166 1069 3236 oppidi
1089 3164 1117 3220 S.
1129 3165 1199 3221 Ces-

184 3255 252 3293 mae
272 3245 302 3294 et
320 3240 462 3294 Damiani
563 3239 751 3308 praecedunt
770 3239 847 3293 haec
865 3237 947 3292 uiuit
965 3237 996 3300 Q.
1012 3235 1132 3292 Caelius
1145 3236 1199 3306 sp.

179 3310 211 3434 12
232 3308 360 3437 Viuiiibs')
380 3310 560 3365 architectus
583 3308 717 3378 naualis,
746 3306 829 3363 uiuit
851 3325 933 3363 uuor
953 3307 1094 3363 Cornidie
1117 3309 1160 3361 M.
1180 3309 1198 3362 l.

207 3397 251 3448 pr
272 3399 289 3436 e
312 3398 374 3437 eece

255 3454 273 3507 2
290 3455 435 3508 usitatum
454 3451 640 3508 stomachari
716 3451 861 3506 Martialis
874 3450 944 3505 XIV
957 3451 1009 3504 113
1027 3448 1056 3504 si
1075 3450 1199 3504 caldum

127 3557 132 3567 ι
177 3526 281 3592 potos,
302 3526 340 3581 ds
359 3526 513 3579 infrunitis
530 3525 728 3594 prouerbium
741 3522 865 3576 caldum
882 3520 991 3576 meiere
1005 3523 1032 3576 et
1042 3520 1201 3591 friqidum

179 3598 291 3664 potore
409 3597 426 3650 3
446 3597 546 3650 exitus
564 3595 676 3649 senarii
696 3594 773 3647 alius
791 3592 856 3648 ueli
875 3594 984 3658 dolere,
1003 3591 1120 3647 curretis
1138 3607 1205 3645 me·
