2634 3892
608 114 748 166 nannum

643 291 708 357 779

170 419 305 500 Discite,
330 418 385 501 qui
406 417 524 500 legitis,
548 415 658 482 diuino
681 437 811 483 munere
835 418 927 483 reddi

170 524 351 591 mercedem
374 524 513 591 meritis:
537 523 623 589 sedis
648 525 699 589 eui
722 525 869 609 proxima
891 525 1013 591 sanctis

170 633 365 718 martyribus
388 652 541 698 concessa
565 631 625 696 deo
649 636 699 696 est
720 639 881 715 gratumq.
906 633 1021 716 cubile,

170 740 320 806 Sarmata
344 736 430 821 quod
453 738 569 803 meruit
591 737 775 803 uenerando
798 740 967 824 presbyter
990 746 1076 824 aeto,

147 848 289 931 asepties
313 846 366 911 bic
390 846 502 929 quinos
525 845 683 928 transegit
706 846 848 929 corporis
871 867 973 912 annus

214 953 248 1017 in
272 953 425 1033 Obrlistbo
449 952 560 1017 uiuens
584 951 759 1016 auxiliante
782 952 864 1018 loco.

169 1043 319 1129 Naiarius
342 1079 449 1142 namq.v
472 1059 594 1143 pariter
615 1058 758 1141 Victorq.
781 1059 871 1124 beati

169 1167 322 1231 lateribus
345 1171 448 1230 tutum
471 1164 610 1230 reddunt
632 1166 786 1246 meritisq.
811 1171 975 1231 coronant.

170 1272 301 1355 dfelirn,
325 1273 453 1356 gemino
477 1272 592 1336 meruit
615 1272 669 1354 qui
692 1277 833 1356 martyre
857 1271 932 1337 duci

134 1405 161 1445 ιο
170 1379 213 1445 ad
236 1378 399 1444 deminum
421 1378 553 1444 meliore
576 1378 630 1443 uia
653 1379 828 1461 requiemq.
851 1380 977 1444 mereri.

241 1554 313 1610 CIL.
332 1556 358 1609 V
377 1555 456 1620 6739,
475 1555 562 1608 Bessi
580 1555 670 1608 inser.
690 1555 789 1608 christ.
806 1555 890 1609 Rom.
905 1555 1007 1622 11171,
1021 1556 1057 1610 30
1075 1571 1114 1610 ex
1135 1572 1184 1611 eo-

169 1628 236 1681 dice
254 1626 392 1680 Palatino
522 1625 666 1679 Vercellis
685 1627 751 1693 fuit,
772 1627 809 1680 cf.
829 1629 963 1680 carmina
983 1642 1062 1696 quae
1081 1643 1099 1681 a
1118 1627 1184 1681 Fla-

168 1700 261 1752 uiano
282 1699 424 1767 episcopo
446 1696 568 1752 condita
587 1697 732 1771 uidentur
751 1698 851 1752 703ss.

239 1769 258 1821 4
276 1771 294 1821 i.
315 1774 385 1822 actu
485 1767 502 1822 5
521 1784 620 1822 annos·
640 1767 751 1823 Gruter
771 1768 849 1836 1169,
867 1770 884 1823 7
990 1770 1007 1824 7
1025 1769 1182 1824 Neratius

169 1839 280 1894 Gruter
306 1841 444 1907 mutauit,
473 1840 528 1894 sed
555 1839 677 1909 uolgari
706 1842 955 1909 pronuntiatione
979 1855 1031 1895 eas
1054 1841 1182 1896 uoculae

170 1911 316 1966 confundi
334 1913 452 1964 monuit
470 1911 596 1965 Rossius
686 1913 721 1965 10
738 1908 867 1966 meliora
886 1912 951 1966 cod.

643 2090 707 2155 780

167 2218 231 2282 Hie
253 2216 386 2282 recubat
410 2214 526 2298 dignus
550 2214 702 2294 Ghr·(ist)0
726 2214 825 2279 leuita
848 2220 993 2279 sacratus

167 2330 269 2388 tetam
293 2324 348 2405 qui
369 2327 482 2387 saneto
505 2322 608 2386 tenuit
630 2319 848 2385 moderamine
871 2319 982 2403 uitam,

166 2429 294 2495 nomine
318 2429 422 2494 dictus
445 2428 533 2513 Aper
556 2427 719 2493 Gallorum
742 2427 887 2510 partibus
911 2433 1007 2492 ortus.

239 2604 311 2659 CIL.
330 2605 356 2658 V
374 2604 452 2672 6727,
472 2605 560 2658 Rossi
578 2605 668 2658 inser.
688 2602 788 2656 christ.
804 2602 1054 2671 Rom.11173,33
1073 2618 1113 2657 ex
1132 2619 1179 2658 co-

168 2677 234 2731 dice
253 2676 391 2730 Palatino
493 2676 635 2731 Vercellis

639 2854 702 2919 781

167 2979 317 3062 Quisquis
340 2985 413 3064 post
435 2978 588 3044 mundum
612 2977 772 3043 aetherias
797 2976 1012 3043 conscendere
1035 2976 1152 3061 plagas

165 3107 261 3172 posse
283 3093 376 3171 putat
399 3087 510 3170 iustos,
533 3086 754 3150 Marcellinum
778 3103 873 3167 quoq.
899 3084 1010 3149 eredat

164 3194 388 3278 presbyterum
411 3192 492 3258 eaeli
516 3191 610 3258 sedes
633 3191 780 3257 babitare
803 3191 939 3272 quietas.

164 3320 238 3364 nam
263 3300 360 3365 rectis
384 3305 506 3365 castum
530 3298 630 3383 gessit
653 3299 712 3363 sub
734 3296 875 3361 moribus
898 3316 1014 3361 aeuum

140 3405 319 3488 areligione
343 3407 415 3491 pius
438 3407 609 3472 Bessorum
630 3406 663 3469 in
686 3404 831 3489 partibus
855 3409 943 3468 ortus

166 3517 197 3575 et
220 3513 347 3594 gemina
371 3513 470 3578 uitam
494 3513 574 3578 felix
597 3517 705 3577 aetate
727 3508 864 3597 peregit.
