2648 3886
169 163 225 217 236
609 177 749 218 osorum

171 325 218 390 nil
241 330 290 391 est
313 329 379 389 tam
402 324 551 390 miserum
574 344 670 407 quam
693 331 794 390 totam
817 323 952 409 perdere
975 324 1075 389 uitam

171 451 232 497 nec
255 432 342 496 uitae
364 430 465 496 nasei.

172 537 253 603 dura
276 538 446 622 peregistis
469 536 612 603 crudelia
634 556 735 622 pensa
757 557 892 615 sorores,

173 649 329 730 ruptaque
353 643 504 709 deliciunt
527 644 560 708 in
582 644 685 729 primo
708 664 839 710 munere
861 644 938 709 fusi:

83 807 85 811 ,
134 772 193 817 noo
216 751 310 816 nimis
332 749 470 816 iniustae
492 757 542 815 ter
564 749 665 816 denos
687 749 766 815 dare
788 770 901 816 munus
923 751 956 815 in
979 769 1090 816 annos.

172 857 393 942 deceptus-
416 858 547 941 grauius
570 856 682 939 fatum,
706 858 754 923 sic
775 856 892 942 pressit
916 864 1044 940 egestas
1065 893 1110 902 -

216 963 293 1028 dum
316 965 417 1029 uitam
440 964 552 1047 tulero,
576 963 702 1029 Primus
724 964 829 1029 Pistes
852 963 949 1047 luges
972 963 1165 1047 coniugium.

243 1086 315 1141 CIL.
325 1086 366 1141 VI
379 1086 467 1141 16546
487 1087 646 1156 descripsit
654 1087 789 1155 Hannon,
808 1087 942 1141 Fabretti
961 1087 1023 1155 419,
1035 1087 1096 1141 379.
1123 1085 1186 1141 AL.

169 1159 338 1214 Burmanni
356 1158 397 1213 IV
415 1158 476 1224 364,
495 1158 610 1227 Meyeri
630 1158 699 1212 1497
844 1158 959 1213 Rornae
978 1159 1010 1211 in
1028 1158 1185 1213 Vaticano.

171 1229 328 1301 praeeedit
350 1227 413 1284 diis
433 1228 580 1283 Manibus
600 1226 748 1284 Claudiae
767 1227 885 1284 Pistes:
913 1227 1039 1283 Primus
1062 1226 1186 1299 coniuqe'

169 1303 313 1371 optumae
332 1303 455 1355 sauctae
474 1302 502 1354 et
515 1299 590 1368 piae
607 1298 814 1355 benemeritae.
844 1305 931 1355 cento
950 1302 1087 1355 oratione
1109 1316 1186 1355 eom·

170 1373 288 1444 positus
307 1373 428 1427 soloeea
448 1376 478 1426 et
500 1372 554 1425 ubi
577 1372 617 1425 ad
641 1372 733 1426 finem
751 1373 892 1441 peruenit
910 1377 972 1425 tam
991 1372 1061 1425 rudi
1079 1375 1113 1425 ut
1131 1373 1186 1425 uix

167 1443 340 1568 intetllegats.
373 1443 470 1497 uerba
493 1443 640 1512 pleraque
664 1444 805 1498 distincta
831 1448 902 1497 sunt
926 1443 1098 1513 syllabatim
1116 1448 1150 1497 ut
1170 1441 1185 1495 1

169 1519 228 1572 sta.
242 1529 310 1568 uss.
323 1528 352 1568 es
990 1525 992 1529 ¹

244 1585 259 1637 1
279 1599 378 1666 aequa
398 1600 414 1638 o
433 1585 495 1655 legi
513 1584 655 1653 Meyerus
673 1585 779 1640 uoluit.
813 1585 961 1653 cogitauit
984 1586 1113 1654 scriptor
1132 1589 1186 1639 aut

165 1657 268 1728 fusos,
288 1656 354 1710 dees
373 1657 457 1725 prius
477 1671 568 1725 quam
587 1656 618 1710 in
638 1654 773 1711 stamina
795 1656 952 1722 incideret,
977 1661 1030 1710 aut
1054 1656 1186 1725 denique

172 1744 206 1784 se
223 1734 253 1782 et
266 1727 428 1796 coniugem
441 1743 503 1781 non
521 1730 670 1796 aequatos
683 1733 773 1783 sorte.
801 1726 865 1781 Leo
879 1727 1061 1781 aduerbium
1073 1741 1187 1796 graece

172 1800 339 1870 figuratum
359 1803 446 1868 putat
464 1802 499 1851 ut
517 1799 630 1866 sophos
755 1798 773 1852 3
791 1797 898 1852 Horati
919 1813 943 1852 e.
962 1797 992 1851 ΙΙ
1012 1799 1054 1865 11,
1073 1799 1091 1852 6
1110 1795 1187 1869 quid

170 1885 277 1926 moror
295 1870 393 1924 altera
412 1870 530 1924 confert
549 1869 652 1924 Hense
763 1869 780 1924 5
799 1870 918 1939 plebeia
938 1870 1186 1939 pronuntiatione

173 1958 230 2012 pro
249 1939 441 2010 coutiqerunt
551 1939 653 2008 9fusi
671 1957 740 2011 gen.
761 1941 838 2010 sing.
859 1942 967 2009 opinor
1080 1941 1114 1994 10
1132 1956 1186 1994 nu-

171 2027 274 2068 merus
299 2017 427 2067 metrum
455 2013 598 2081 corrupit,
622 2012 694 2066 huic
712 2016 818 2082 aptum
832 2026 960 2079 paucos,
980 2010 1111 2080 primos,
1130 2013 1186 2066 tre·

169 2082 270 2140 decim
401 2084 433 2136 11
454 2084 600 2153 deeeptus
619 2098 686 2137 sum
704 2083 832 2148 Primus,
855 2084 984 2152 grauius
1003 2083 1184 2150 initiatum,

170 2156 216 2210 sio
228 2155 338 2224 pressit
357 2159 478 2224 egestas
497 2156 515 2208 i.
530 2155 670 2208 datorum
689 2155 828 2225 paucitas
847 2169 997 2208 annorum
1082 2153 1186 2208 12110-

169 2227 303 2280 minibus
316 2227 447 2295 propriis
465 2225 593 2280 sublatis
607 2226 739 2280 suadere
755 2229 978 2294 pentametrum
992 2223 1186 2279 Burmannus

169 2298 257 2352 uidit.
276 2298 363 2366 luqeo
375 2295 495 2352 Gudius
507 2297 614 2351 indicis
628 2313 656 2365 p.
668 2295 727 2364 ΟΧ,
743 2296 797 2350 sed
816 2296 906 2366 luyea
923 2296 955 2349 in
969 2296 1057 2365 cippo
1071 2302 1117 2350 est
1129 2311 1185 2364 pro

169 2368 294 2439 luqeam
313 2369 425 2438 lugebo
647 2440 714 2505 494
749 2382 755 2392 “

216 2546 253 2611 Ρ.
277 2546 406 2613 Anoitio
430 2548 467 2612 P.
491 2546 513 2612 f.
538 2546 593 2629 qui
615 2546 699 2611 uixit
721 2547 813 2611 annis
835 2546 899 2612 VII
923 2552 955 2611 et
978 2544 1090 2611 diebus
1113 2544 1176 2610 Vll

169 2652 262 2719 cuius
285 2652 476 2719 furibundae
499 2658 652 2737 ruperunt
675 2651 730 2717 fila
752 2672 887 2734 sorores,

169 2759 263 2825 cuius
285 2757 380 2825 funus
402 2759 521 2843 myseri
543 2757 656 2825 uidere
679 2764 838 2842 parentes.

216 2863 346 2930 Ancitia
375 2865 552 2930 Fortunata
580 2870 613 2930 et
639 2863 678 2929 L.
704 2864 869 2930 Cornelius
897 2864 1088 2949 Neptunalis
1120 2863 1185 2930 filio

779 2969 963 3036 dulcissimo
987 2970 1140 3036 fecerunt.

244 3111 315 3168 CIL.
334 3112 375 3167 VI
396 3112 482 3167 11624
503 3112 581 3167 uidit
598 3112 764 3168 Mommsen
872 3112 986 3166 Itomae
1006 3112 1084 3180 olim,
1104 3127 1188 3168 nune

169 3182 378 3324 catudadotuit
396 3256 548 3322 ruperunt
564 3252 755 3323 furibundae
867 3254 884 3308 3
903 3254 1002 3323 potuit
1020 3253 1140 3308 crudele
1159 3255 1189 3309 et

167 3325 271 3396 funus
370 3323 485 3380 uidere
503 3327 581 3395 lapis
601 3326 721 3380 diuisim
942 3348 945 3355 ⁴

647 3451 714 3516 495

170 3555 243 3621 Hoc
266 3556 351 3622 iacet
374 3556 408 3622 in
431 3557 550 3624 tumulo
574 3577 686 3624 secura
710 3556 864 3642 Glyconis
887 3557 1031 3622 honesto.
