2650 3882
545 159 734 200 uuxnunrnr
1089 145 1143 200 207

129 312 198 362 rant
222 307 342 361 duobus
361 307 506 360 fratribus
526 305 549 358 B
573 312 603 360 et
622 305 658 372 D,
684 304 735 360 OD
755 311 937 375 pepererant
958 306 1090 375 puellam
1109 305 1142 359 Ε.

130 380 294 434 defunctae
316 384 387 432 sunt
406 376 429 432 C
448 381 477 431 et
497 377 529 444 Ε,
548 382 712 446 supersunt
730 375 811 429 ΑΒΗ
831 383 862 430 et
884 377 990 446 lugent
1008 374 1067 431 tra's
1080 391 1142 445 pro

128 447 242 516 multia,
261 450 390 503 matram
408 449 486 502 enirn
507 453 646 502 mortuae
664 447 796 502 habeaA
814 445 889 501 uiro
942 463 978 502 uc
991 448 1018 501 D
1038 450 1065 501 et
1083 449 1143 502 uiri

129 535 249 576 soceros
259 519 310 572 AB
325 521 352 574 ct
361 519 481 589 puellae
494 534 570 573 auos
580 517 632 572 AB
647 520 813 588 patresque
826 463 966 573 duofflD
983 521 1143 588 patruum·

129 607 187 663 que
205 590 229 644 B
249 593 392 660 quoniam
411 589 435 642 Β
456 596 485 644 et
504 590 531 642 D
550 591 661 644 fratres
683 593 779 644 fuere.
810 605 866 664 erg
910 605 990 658 quae
1013 605 1107 644 uersu
1126 590 1141 642 1

129 665 205 717 nata
229 664 257 716 at
279 659 426 731 penetrem,
456 662 580 716 eaedem
600 676 630 714 u.
649 661 667 714 5
689 659 756 729 filio
774 667 883 728 camp
906 661 964 714 ella
982 665 1155 727 uocantur‚.

131 750 210 803 quae
227 731 293 802 filia
311 734 330 786 4
348 737 378 787 et
396 733 422 797 5,
442 733 549 786 eadem
565 729 734 802 penetrt'ael
755 738 808 786 est.
837 732 906 785 licet
920 734 1059 785 conferre
1070 730 1141 786 CIL.

129 805 175 946 {0ss
187 805 257 859 3551
276 802 325 859 hic
343 805 491 874 quercum
509 803 589 858 duaa
607 805 721 858 matres
734 803 814 857 duas
830 801 921 872 filios,
940 818 1067 857 numero
1081 803 1143 856 tres

148 875 253 931 ocium

601 981 664 1045 441

130 1109 289 1173 Innocuos
307 1107 394 1192 Aper
417 1127 493 1172 ecce
516 1107 603 1171 iaces
626 1072 690 1171 non
712 1105 847 1189 uirginis
870 1109 929 1187 lra,

130 1234 190 1280 nec
212 1209 400 1299 Meleager}
421 1218 513 1278 atrox
536 1211 677 1297 perfodit
699 1215 826 1278 uiscera
848 1212 948 1277 ferro:

129 1340 215 1386 mors
237 1320 338 1385 tacita
360 1320 501 1404 obrepsit
523 1319 630 1385 subito
654 1319 763 1401 fecitq.
785 1318 790 1402 Ι
809 1322 933 1383 ruinam

131 1447 213 1509 quae
236 1427 295 1492 tibi
319 1429 476 1492 crescenti
499 1426 606 1511 rapuit
628 1426 768 1491 iuuenlle
790 1425 935 1510 figuram.

202 1602 274 1658 CIL.
284 1602 326 1656 VI
336 1602 406 1657 1975
425 1602 585 1672 descripsit
603 1602 737 1656 Henzen.
765 1600 828 1655 AL.
838 1601 1004 1656 Burmanni
1023 1603 1064 1657 IV
1075 1604 1143 1670 Illa,

131 1674 246 1744 Meyeri
266 1673 333 1728 1171
445 1674 477 1727 in
497 1688 601 1728 museo
621 1672 800 1742 CapItolino.
836 1689 890 1728 ara
908 1689 1078 1728 marmorea
1098 1679 1144 1729 est

130 1747 162 1799 in
186 1761 247 1814 qua
271 1745 371 1799 media
395 1744 516 1799 iuuenis
540 1749 599 1798 stat
622 1749 754 1812 togatus,
782 1744 883 1798 adstat
906 1746 976 1799 huic
996 1762 1014 1799 a
1034 1745 1144 1800 dextra

131 1817 250 1886 genius,
277 1817 356 1869 inter
379 1820 543 1885 utrumque
566 1830 641 1885 aper
665 1815 752 1868 iacet.
788 1816 955 1884 insuntque
982 1821 1144 1884 praeterea

90 1944 95 1951 ,
132 1888 276 1957 capsulae
295 1887 529 1955 chartarumque
549 1896 578 1940 et
598 1886 802 1954 decempedae
822 1887 918 1955 signa.
948 1887 1005 1940 sub
1024 1888 1144 1942 iuuenis

132 1959 232 2028 figura
259 1973 381 2012 carmen
406 1957 526 2027 legitur,
555 1957 687 2026 denique
710 1958 742 2009 in
760 1957 821 2010 ima
840 1972 895 2010 ara
913 1957 962 2011 hlc
986 1958 1091 2012 titulus
1113 1959 1144 2013 Τ.

131 2028 252 2085 Statilio
276 2029 336 2083 Vol.
355 2029 439 2096 Apro
461 2029 594 2083 mensori
617 2025 781 2096 aedificior.
800 2026 881 2082 orate
903 2044 975 2082 arra.
994 2029 1091 2082 XXII
1104 2045 1144 2083 m.

136 2101 208 2155 VIII
226 2101 254 2155 d.
269 2101 333 2155 XV.
357 2100 387 2153 T.
407 2097 547 2154 Stattliae
566 2098 625 2154 Vol.
646 2098 796 2153 Proculus
815 2114 960 2154 manaae
978 2100 1145 2154 aciutaret

132 2170 317 2242 Argentaria
330 2169 483 2241 Eutychia
496 2172 642 2239 parentet
659 2168 728 2238 fllio
748 2172 870 2237 optumo
889 2172 917 2224 at
931 2169 1071 2225 Orctuiaa
1085 2169 1144 2224 Aa·

132 2241 211 2297 thiat
226 2245 319 2297 acori
335 2239 401 2296 eius
418 2239 504 2311 siblq.
518 2244 546 2296 et
563 2244 627 2296 sula
645 2242 759 2296 libertis
777 2242 939 2296 libertatus
953 2243 1144 2311 posterisque

132 2329 244 2368 eoram.
272 2329 391 2383 semper
410 2311 423 2366 i
440 2313 534 2383 longa
553 2314 665 2382 scripta
685 2327 723 2365 ex
743 2312 812 2381 lege
831 2313 904 2365 artis

204 2386 219 2437 1
247 2382 384 2454 airyinic
407 2381 458 2437 ira
482 2385 618 2437 clausula
644 2383 678 2437 V.
698 2380 772 2437 Aen.
792 2381 822 2435 ΙΙ
839 2382 905 2448 413,
935 2383 971 2436 cf.
993 2382 1048 2436 Ou.
1075 2387 1144 2437 met.

131 2454 202 2509 VIII
220 2453 273 2508 279
292 2456 369 2518 (acto
384 2469 443 2522 per
461 2452 582 2508 uiscera
599 2454 685 2523 ferro
704 2453 840 2508 clausula
858 2452 931 2506 ibid.
950 2452 1014 2520 532)

149 2526 167 2578 2
185 2525 388 2579 memorabilis
407 2527 555 2593 paeonica
574 2524 727 2593 Meleager
745 2524 875 2578 nominis
894 2538 1045 2577 mensura.
1073 2539 1145 2577 narn

132 2595 307 2664 Meleagros
326 2599 425 2665 potest
443 2610 551 2664 paeon,
575 2594 727 2663 Meleaper
745 2594 1033 2663 proceleusmaticus
1054 2594 1146 2649 debet

18 2672 24 2683 ’
132 2666 199 2720 fieri
298 2665 353 2719 41.
372 2665 536 2720 iuuenilem

607 2792 674 2855 442

132 2917 196 2982 ch
219 2918 304 2981 lacet
328 2916 484 2981 exanimis
507 2915 636 2981 tumulis
659 2915 754 2981 Aelia
777 2915 899 2981 Sabina

133 3043 205 3089 cum
228 3042 286 3088 sua
309 3027 386 3087 nata
408 3020 512 3105 simul,
535 3021 604 3086 fetu
627 3041 721 3104 quem
744 3026 893 3107 procreat
916 3023 996 3106 ipsa.

133 3149 152 3195 o
176 3129 329 3213 Fortuna,
352 3126 448 3195 fidem
472 3134 623 3210 quantam
646 3130 777 3194 mutasti
799 3128 956 3211 maligne:

134 3255 227 3319 quern
250 3239 362 3320 genult
384 3235 533 3319 genetrix
555 3254 663 3300 secum
687 3240 774 3299 tenet
796 3235 829 3298 in
852 3234 919 3300 lare
943 3234 1038 3299 Dltls.

205 3411 278 3467 CIL.
297 3411 338 3465 VI
357 3411 453 3478 10971,
472 3409 585 3467 Gruter
603 3411 695 3478 66⁵‚8
713 3427 732 3464 a
745 3409 867 3466 Smctio.
903 3408 966 3465 AL.
979 3410 1147 3465 Burmanni

133 3482 174 3538 IV
194 3484 237 3551 70,
256 3482 371 3553 Meyeri
391 3483 461 3537 1214
592 3482 707 3537 Romae
724 3482 757 3535 in
775 3497 854 3536 urna
872 3486 925 3536 aut
943 3483 1146 3552 sarcophago,

133 3555 223 3624 periit
323 3554 512 3623 praecedunt
530 3559 622 3609 notae
640 3554 763 3623 utrIque
781 3554 906 3623 linguae
920 3558 1044 3624 aptatae
1062 3552 1145 3609 d.M.
